2909 4959
416 1128 555 1221 Cunus
573 1147 630 1221 vis
654 1148 747 1237 lieri,
767 1150 930 1241 Catulle,
949 1157 1112 1228 munus?

416 1270 570 1349 Festina
587 1274 657 1349 tibi
675 1275 864 1360 vindicem
881 1302 1026 1378 parare,

413 1396 473 1471 Ne
490 1398 624 1485 dentes
642 1411 790 1475 metuas
807 1401 1082 1498 maligniorum,

412 1519 676 1623 Rumoresque
694 1549 827 1600 senum
845 1525 1085 1615 severiorum,

409 1647 484 1733 Qui
501 1649 610 1723 vultu
628 1651 755 1725 tetrici
773 1649 983 1724 Catoniano

324 1822 328 1833 .
401 1746 574 1849 'Horrent
591 1776 796 1851 versiculos
813 1776 867 1873 pii
885 1776 1032 1873 podtae3

409 1896 459 1972 Et
476 1900 661 1999 quicquid
678 1901 806 1999 lepida
824 1901 1055 1998 procacitate

410 2022 530 2119 Laxat
546 2024 696 2098 laetifico
714 2024 850 2099 labella
866 2025 956 2112 risu,

408 2148 582 2223 Oderunt
600 2172 692 2223 cane
709 2152 818 2248 pejus
836 2162 876 2223 et
892 2172 1059 2237 venen03

407 2270 479 2347 oie
496 2283 613 2359 vates,
634 2285 744 2372 pater
760 2273 1041 2370 elegantiarum,

406 2396 490 2485 Dic,
510 2374 586 2497 ¹qim
605 2397 752 2471 vindice
770 2408 876 2470 tutus
893 2398 1103 2471 ambulabis
1117 2398 1184 2471 l·-

406 2522 470 2595 Sic
489 2520 581 2609 dixi,
601 2521 825 2620 lepidissimi
843 2523 968 2621 podtae

405 2645 515 2719 Curis
533 2646 698 2719 carmina
714 2647 902 2745 perpolita
918 2648 1058 2721 nostris

404 2768 502 2842 Cum
519 2779 691 2867 spectare
708 2770 875 2845 viderem
893 2771 940 2843 ad
959 2771 1189 2844 umbilicum.

404 2892 618 2993 Respondit
634 2893 726 2967 mihi
742 2895 877 2969 leniter
893 2918 1091 2969 susurrans

402 3020 473 3115 (Ut
491 3020 614 3093 solent
631 3019 765 3094 animae
781 3021 1009 3113 beatiorum)

401 3144 517 3217 Vates
536 3142 677 3243 Elysiis
695 3143 816 3216 redux
834 3144 883 3217 ab
900 3144 998 3217 oris:

403 3280 426 3310 ‘⁴
441 3291 633 3354 brunsw,
655 3292 814 3341 nnumin
832 3292 898 3340 1²10
919 3292 1098 3341 Puerum
1112 3266 1193 3338 !’'-

403 3419 574 3469 nnnnsur
593 3394 701 3492 cupis
718 3393 758 3466 in
776 3393 898 3465 sinum
918 3392 1080 3466 volaret·

400 3520 548 3618 Cepisti
564 3520 745 3595 eximium
763 3516 832 3591 tibi
850 3514 1076 3589 Patronum!

398 3644 434 3719 N
437 3668 498 3719 am
515 3644 606 3719 Dux
624 3643 804 3743 Optimus
821 3650 861 3715 et
879 3639 1052 3714 Disertus
1070 3639 1171 3713 idem

396 3767 585 3843 Admittet
600 3767 764 3867 placido,
783 3788 928 3863 suoque
945 3767 1064 3854 vultu,

393 3893 479 3979 Quo
496 3894 549 3967 nil
567 3892 802 3992 supplicibus
819 3890 916 3963 solet
933 3912 1081 3986 negare,
1147 3946 1151 3953 -

395 4016 689 4091 Mellitissimum
707 4025 747 4089 et
764 4014 949 4113 optimum
966 4013 1116 4111 pobtam
1215 4025 1219 4033 '

397 4138 501 4215 Intra
516 4139 646 4215 limina
663 4138 858 4212 sanctioris
876 4138 983 4211 aulae.

395 4264 539 4355 Quodsi
555 4264 689 4361 legerit
705 4264 798 4349 haec,
817 4260 1119 4362 probaverimus,
