2909 4959
233 812 294 902 c.
336 779 697 934 vanuum
752 816 1119 910 cunnum

530 1095 535 1107 a
619 1040 743 1129 vua

454 1288 502 1336 n
529 1288 693 1338 amn
720 1291 901 1347 vunan.

572 1514 787 1561 q*—

153 1722 341 1801 Vanum
360 1734 541 1801 Carunuo
558 1736 675 1813 Quinti
693 1757 885 1823 praenomen
901 1738 1020 1807 tribuit
1030 1740 1211 1829 Joscplrus

153 1831 317 1919 Scaliger,
329 1832 573 1917 corruptissimi
588 1831 655 1899 loci
670 1834 870 1903 auctoritate
886 1834 1003 1921 fretus,
1023 1860 1068 1903 ex
1080 1839 1204 1927 Elegia

151 1930 365 2010 eddanum,
381 1952 413 1993 v.
428 1930 491 1993 122
513 1936 654 1995 testatus
670 1939 847 2017 praeterea,
862 1954 898 1997 se
910 1933 945 1998 in
959 1935 1101 2022 antiquo
1115 1937 1205 2003 libro

151 2026 274 2112 Jacobi
289 2026 420 2113 Cujacii
438 2026 464 2091 Ι.
482 2026 523 2093 C.
539 2027 588 2093 ita
613 2028 773 2115 scriptum
797 2030 974 2096 manifesto
989 2034 1203 2120 comperisse.

152 2124 243 2189 Huic
262 2124 429 2211 Scaflgeri
453 2125 663 2211 persuasioni
690 2124 819 2212 pondus
838 2127 933 2194 addit
945 2129 1100 2195 «loannes
1113 2131 1205 2197 Har·

152 2222 286 2311 duinun,
301 2221 359 2310 qui
374 2222 432 2301 (ad
445 2221 569 2289 librum
585 2222 784 2289 XXXVII.
795 2232 865 2291 nat.
881 2225 1029 2293 historiae
1043 2227 1085 2294 C.
1097 2228 1205 2296 Plinii

158 2318 303 2385 Secundi
315 2340 388 2406 cap.
399 2318 447 2398 6.)
465 2320 617 2400 affirmat,
632 2321 668 2385 in
682 2320 836 2385 omnibus
848 2321 1018 2389 codicibus
1032 2346 1133 2399 manu
1146 2348 1207 2391 ex-

156 2418 259 2483 eratis
284 2416 451 2485 Catullum
479 2418 637 2496 Quintum
661 2417 839 2504 appellari.
882 2418 1074 2486 Consensus
1093 2430 1208 2489 tamen
1304 2428 1309 2435 ’

157 2514 378 2594 eruditorum,
403 2522 504 2600 atque
527 2514 692 2581 editiones
715 2537 811 2602 poene
833 2537 948 2581 omncs
974 2518 1206 2604 refiagantur:

156 2612 278 2700 quibus
293 2612 373 2677 olim
389 2612 569 2698 praeiverat
581 2612 624 2677 L.
639 2612 809 2700 Apuleius
821 2612 1067 2697 Madaurensis,
1080 2638 1155 2681 cunr
1171 2617 1208 2684 in

102 2757 104 2766 ,
157 2708 329 2794 Apologia
340 2709 450 2794 priore
465 2709 646 2773 carminum
663 2712 868 2795 quorundam
884 2731 1019 2775 suorum
1034 2711 1208 2805 lasciviam

159 2804 236 2871 Cati
252 2803 374 2871 Catulli
387 2804 592 2879 nobilissimo
613 2806 771 2891 exemplo
785 2806 944 2871 defendit.
989 2808 1037 2870 Et
1050 2816 1142 2871 certe
1165 2810 1207 2873 li·

155 2903 261 2969 brarii
287 2910 427 2983 veteres,
446 2905 615 2969 nominum
641 2901 862 2991 slmilitudina¹
880 2900 1024 2987 decepti,
1054 2900 1210 2971 Catulum

158 3001 300 3087 Poetam
326 3004 400 3065 cuin
417 2999 546 3065 Catullo
568 3020 657 3085 saepe
679 2996 908 3066 confundunt:
932 2995 1059 3063 idcirco
1081 2999 1206 3069 sactum

156 3098 323 3179 existimo,
340 3104 378 3162 ut
389 3118 464 3161 cum
476 3095 527 3159 illi
540 3096 679 3173 Quintus
689 3103 880 3182 praenomen
889 3094 1002 3178 fuerit,
1015 3096 1094 3163 huic
1105 3099 1207 3165 etiam

157 3196 243 3261 idem
273 3196 505 3281 effingerent*
550 3193 778 3259 Veronensem
806 3214 908 3278 porro
931 3193 1032 3259 luisse
1055 3203 1207 3261 nostrum

156 3297 304 3377 poiitam,
327 3290 457 3378 liquido
477 3298 619 3373 constat,
635 3311 710 3355 cum
725 3312 769 3354 cx
783 3288 918 3372 Ovidio,
935 3287 1052 3354 Plinio
1067 3292 1206 3378 majore,

156 3388 329 3465 Martiale,
343 3387 508 3468 Ausonio,
521 3386 719 3473 ueterisque,
736 3393 806 3451 tum
822 3407 865 3450 ex
879 3385 985 3471 ipsius
999 3385 1204 3472 testimonio,

155 3487 213 3582 qui
226 3508 328 3553 carm.
343 3486 410 3569 31„
426 3484 491 3564 ubi,
506 3506 524 3549 e
540 3483 700 3575 Bithynia
714 3502 882 3562 reversus,
896 3482 1098 3549 Sirmioncm
1112 3483 1205 3551 lacus

186 3686 280 3735 *auur
293 3694 357 3735 carte
369 3684 469 3739 Quintus
479 3682 584 3731 Catullus
602 3681 656 3741 luit,
705 3684 742 3740 do,
753 3691 780 3729 ut
787 3681 884 3737 sotum
891 3680 1031 3734 mutinum.
1046 3682 1138 3732 Omitto
1146 3684 1203 3733 cin-

154 3763 222 3823 eujua
232 3760 348 3820 integrum
365 3772 449 3804 nomen
465 3756 564 3811 Quintus
580 3756 656 3804 Lura·
705 3770 758 3803 nam
775 3753 891 3809 (Rutulum,
907 3752 1021 3812 Stoicum,
1035 3772 1103 3818 quem
1114 3758 1206 3813 audivit

154 3836 200 3882 tius
206 3832 322 3888 Camillus,
341 3830 444 3877 urbanus
455 3827 507 3875 sive
518 3829 656 3885 arbitrarius,
706 3828 742 3875 Μ.
754 3826 883 3875 Antoninus
893 3822 1098 3887 inpensiuncula
1109 3830 1206 3891 Capito-

155 3907 198 3953 boc
209 3911 254 3959 cst,
273 3902 457 3963 mimographus.
475 3902 505 3948 de
517 3917 563 3961 quo
575 3900 657 3948 viden·
705 3899 754 3946 lino
764 3898 789 3945 iu
800 3898 875 3949 Marci
883 3900 961 3958 niteo.
972 3902 996 3947 3.
1028 3901 1089 3947 Nam
1099 3907 1125 3948 ct
1134 3903 1204 3963 hujus

155 3981 199 4027 due
209 3976 352 4023 scholiastes
359 3975 388 4021 ed
400 3973 506 4021 Juvenal.
519 3974 588 4021 Vlll.
599 3972 655 4023 13⁵.
706 3987 787 4020 verum
795 3986 879 4019 nomen
891 3971 995 4019 Catullus
1003 3978 1062 4029 crat,
1077 3981 1104 4021 ut
1113 3982 1205 4025 contat

155 4052 183 4099 ed
195 4050 274 4104 verba,
294 4046 423 4093 Cianorum
433 4059 509 4107 meret
519 4052 545 4091 ut
557 4044 656 4091 Parma
705 4059 735 4095 ex
743 4044 778 4089 M.
788 4044 898 4090 Antonini
908 4042 950 4089 lib.
961 4044 983 4089 1.
994 4043 1056 4091 Seot.
1068 4048 1107 4092 13.
1129 4046 1205 4093 Acoe-

155 4114 655 4178 curumetaaxr11.109.-Q.oanni
705 4116 808 4171 ditillc,
826 4116 943 4177 adquam
962 4115 1077 4163 Munna·
1089 4117 1203 4165 xlma.

156 4188 467 4255 Epigrmmeilallimaolri
474 4187 655 4250 Epignlllslll.
705 4187 816 4235 Heredem
830 4189 873 4235 tibi
890 4203 932 4246 unc,
947 4187 1046 4245 Catullo
1061 4188 1132 4235 dicia:
1149 4187 1205 4236 Nur

154 4260 655 4327 saevitcrexprassurnrelertGellieleX.
704 4260 942 4332 credamnisilegero,
950 4260 1047 4307 Catulle.
1079 4258 1203 4322 (Exedit

153 4337 247 4403 9.un
255 4332 655 4399 incipit,Arrsrrgitniuuimunerr·
704 4332 801 4394 Bipont.
810 4347 836 4393 p.
849 4332 901 4395 1³.)
991 4402 1015 4455 ὰ
