2909 4959
219 362 287 445 aaa
466 373 508 447 c.
529 368 765 443 ransart
792 359 1031 458 curuum

519 618 782 757 clausum
813 650 978 755 cxiv.

570 877 574 884 ¹
621 857 659 906 IN
675 857 874 908 mantulum.

306 985 511 1055 Foarrrsuo
526 982 618 1052 saltu
632 1007 699 1051 non
714 984 800 1052 falso
814 983 970 1052 Mentula
985 984 1081 1053 dives
1169 1071 1171 1078 y

350 1097 476 1162 Fertur
485 1120 496 1175 ;
520 1095 581 1186 qui
595 1103 678 1183 quot
693 1097 794 1162 resin
810 1119 846 1162 se
861 1097 963 1164 habet
977 1097 1149 1187 egregiast
1221 1133 1222 1138 κ

306 1206 467 1296 Aucupia
478 1227 576 1272 omne
589 1228 707 1295 genus,
717 1207 836 1296 pisces,
847 1215 956 1298 prata,
969 1231 1053 1278 arva
1063 1208 1229 1298 ferusque.

348 1317 610 1408 Nequidquam:
632 1319 761 1386 fructus
775 1309 938 1388 sumtibus
953 1329 1145 1409 exsuperat.

307 1426 423 1510 Quare
435 1427 585 1496 concedo
600 1427 645 1494 sit
658 1427 762 1512 dives,
776 1429 856 1499 dum
869 1429 985 1498 omnia
995 1429 1117 1496 desint.
1169 1412 1173 1426 ¹
1191 1417 1195 1422 ¹
1269 1469 1275 1494 ».

272 1608 277 1613 .
350 1540 481 1607 Saltum
496 1539 683 1626 laudemus,
700 1539 778 1607 dum
793 1539 977 1628 modoipse
991 1547 1103 1630 egeat.
1180 1629 1182 1632 Ι
1268 1549 1271 1554 “

248 1707 272 1751 1.
278 1701 402 1750 Firsssssss
409 1702 600 1750 soliusrelssluus
605 1699 908 1750 assuerit-Firmus
914 1700 985 1748 salim
993 1700 1016 1748 irs
1025 1699 1271 1750 adseueranter.-

222 1767 402 1815 Ftrstuatsultus
408 1765 1271 1827 (impla—Firmanosaltudldusdtlnretas,Statius,Vossius‚editor0sn·

222 1833 284 1879 tsbr.
290 1831 538 1892 Grsev.SedSosliger‚
544 1830 599 1892 quis
607 1836 665 1878 ratt.
672 1829 748 1877 codd.
755 1845 800 1876 uun
809 1827 830 1875 F
829 1832 916 1878 innotos
922 1831 964 1877 sed
971 1829 1094 1878 Ficorsnnus
1102 1845 1150 1891 prae
1158 1845 1184 1878 se
1193 1831 1272 1886 icrunt,

114 1894 116 1899 '
220 1893 1271 1958 legendamomniuocensetFornsiomsssaltas.-Scsligerisententiamcupide'smplesas

221 1969 260 2009 set
271 1959 381 2022 Vulpius,
391 1976 435 2008 neo
443 1960 495 2022 ipse
505 1961 607 2021 primasi
624 1960 656 2007 de
674 1962 727 2020 ejus
766 1958 900 2006 obsbilitate
917 1959 1060 2008 dubitabam.
1092 1957 1140 2007 Sed
1151 1975 1211 2008 aune
1223 1977 1272 2008 suu-

223 2033 320 2073 ourrsnt
329 2025 441 2081 ntianes,
461 2039 513 2084 ques
522 2023 606 2072 abilis
617 2037 655 2072 mo
665 1975 788 2072 deseddre
799 2023 891 2088 jubent.
924 2024 1039 2082 Quemvis
1057 2024 1119 2071 enim
1133 2024 1202 2072 fusile
1220 2041 1271 2072 con·

222 2089 344 2145 merim,
355 2091 437 2137 sabura
445 2089 536 2137 diuitem
546 2096 609 2136 recte
620 2088 670 2136 diui
681 2103 754 2149 posse
771 2089 801 2135 de
812 2104 849 2146 eo,
864 2087 904 2148 qui
916 2089 948 2136 sit
958 2088 1048 2150 amplus
1059 2094 1083 2135 et
1092 2089 1232 2145 fructuosas,
1239 2097 1271 2138 ts·

171 2161 175 2168 ¹
223 2169 277 2200 men
289 2154 343 2200 bsic
353 2153 506 2214 explicationi
521 2160 600 2214 aperte
616 2161 731 2214 repugnat
741 2167 825 2200 sersus
835 2152 943 2214 quiutue;
956 2155 1022 2210 diues,
1034 2152 1078 2200 nisi
1088 2151 1136 2200 sim
1148 2154 1226 2201 serbis
1240 2155 1271 2202 in·

221 2216 283 2264 rene
299 2217 344 2271 vis,
356 2219 385 2262 sd
399 2217 525 2263 Mentulsru
536 2217 618 2263 referri
628 2218 712 2276 debet;
726 2216 821 2264 additur
840 2217 900 2264 enim
917 2218 971 2265 dum
990 2218 1065 2264 omnia
1076 2216 1155 2274 Mat,
1172 2219 1234 2280 quod
1243 2220 1272 2266 de

222 2280 285 2327 sslta
293 2280 390 2329 tenuate
397 2280 477 2328 valere
486 2296 535 2328 non
543 2285 629 2342 potest.
663 2281 765 2337 Deinde,
775 2297 827 2328 cusu
840 2282 889 2331 bna
900 2282 971 2330 lectio
982 2289 1007 2330 at
1019 2282 1146 2342 explicantia
1156 2282 1272 2344 impulerit

222 2342 376 2407 Miseram,
387 2351 413 2393 st
423 2341 539 2406 caeperat
548 2344 572 2392 in
583 2359 652 2392 versa
663 2349 688 2394 4.
699 2351 724 2392 et
739 2353 803 2408 egeat
811 2345 835 2392 in
848 2361 917 2394 versa
927 2349 950 2394 6.
963 2353 1042 2393 contra
1051 2346 1152 2394 omniura
1163 2347 1272 2396 librorum

222 2409 383 2457 anctoritatem
396 2415 497 2458 mutsret
509 2409 534 2456 is
553 2423 669 2472 essuperet
678 2417 703 2458 et
713 2420 785 2474 egeat
793 2409 819 2458 id
830 2425 859 2458 an
870 2411 946 2472 magis
957 2409 1015 2460 bans
1025 2411 1137 2458 rationem
1156 2411 1213 2459 milri
1224 2429 1272 2461 sas·

222 2480 315 2537 pectem
329 2475 442 2532 reddidit.
459 2475 515 2536 qsia
529 2475 657 2538 peitatem
672 2475 697 2523 ia
708 2475 824 2536 sequenti,
834 2490 902 2538 quern
914 2475 938 2524 iu
955 2475 1145 2526 antecedentibus
1159 2477 1273 2536 epigram·

222 2539 362 2588 nstibussd
375 2541 514 2594 Mentalsm,
523 2553 568 2587 nou
580 2537 626 2587 nisi
637 2539 661 2586 in
672 2540 742 2587 tertis
753 2553 851 2600 persons
861 2541 891 2588 de
902 2541 1010 2588 Mentula
1016 2539 1127 2602 loquitur.
1161 2541 1225 2589 Dedi
1234 2558 1273 2590 su·

221 2609 271 2651 teat
282 2603 401 2652 Formiana
410 2605 481 2663 satra,
492 2604 554 2664 qaod
567 2607 611 2652 ‘sm
622 2606 732 2654 Muretus
742 2603 765 2650 in
776 2604 894 2652 nonnullis
905 2605 973 2662 libris
983 2605 1112 2652 invenerat.
1144 2606 1216 2662 Nam,
1224 2622 1273 2654 anm

222 2667 347 2716 admodum
357 2668 478 2730 probsbile
489 2667 529 2725 sit,
605 2685 693 2726 unam,
703 2668 743 2730 qui
756 2667 850 2716 Formiis
860 2675 936 2726 ustus,
948 2675 972 2717 et
983 2670 1036 2716 iude
1045 2672 1093 2730 jsm
1105 2667 1191 2734 (snpra
1199 2671 1272 2720 Germ.

221 2731 291 2782 xbl.
303 2731 342 2797 4.)
375 2733 508 2781 Forrniaarss
517 2734 617 2780 decoctor
627 2733 704 2781 dictus
722 2741 768 2794 eal,
787 2736 831 2781 sab
843 2732 948 2782 Mentula
966 2733 1142 2796 intelligendum
1159 2751 1221 2792 esse,
1231 2737 1273 2796 (cl.

222 2808 295 2858 ssprs
305 2797 383 2846 carm.
398 2792 504 2861 xcw.)
511 2797 581 2846 facile
591 2797 646 2845 inde
661 2799 731 2859 buius
744 2797 853 2845 lectionis
871 2813 965 2862 quoque
978 2798 1131 2860 probabilitas
1154 2799 1274 2850 evincitur.

223 2861 344 2910 Formiano
354 2879 396 2925 per
407 2862 532 2924 synaeresin
544 2869 580 2912 est
591 2870 639 2910 vox
650 2863 781 2924 trisyllaba.
1000 2873 1005 2883 ·
1265 2862 1268 2874 '

256 2927 280 2974 2.
297 2924 340 2974 Tot
347 2941 383 2974 res
393 2943 472 2975 omnes
482 2925 538 2974 libri
548 2925 656 2990 impressi
666 2933 719 2974 aute
730 2926 830 2974 Statium
841 2933 865 2974 et
876 2925 1032 2989 Scaligernm,
1043 2927 1083 2976 sed
1099 2927 1170 2984 alsa
1182 2927 1241 2978 Stat.
1251 2937 1275 2978 et

222 2983 289 3039 ‘lbra
299 2997 357 3038 vett.
364 2991 477 3054 Scaligeri
488 2999 616 3052 suggerunt
626 2999 686 3056 quot,
696 2991 759 3052 quad
773 2991 856 3038 melius
868 3007 922 3039 sane
933 2992 1078 3039 admirationi
1090 2993 1197 3042 inservit.

254 3057 279 3102 3.
290 3055 469 3117 Aesopiam
477 3070 549 3120 genas
559 3056 623 3115 piscis
630 3055 699 3104 MSS.
707 3056 930 3118 Stat-Aucupibus
940 3071 1003 3104 oraru
1009 3072 1080 3122 genus
1091 3057 1158 3104 editt.
1166 3058 1275 3107 Parthen.

224 3119 316 3181 Gryplr.
327 3119 416 3166 Mutet.
427 3117 578 3179 Hearicpetr.
588 3125 612 3166 et
622 3118 682 3166 aliae.

221 3246 246 3294 v
253 3187 279 3230 4.
292 3179 332 3230 'Nc
342 3183 463 3245 quidquam
464 3182 562 3248 snsetus
575 3181 647 3231 MSS.
656 3183 751 3230 stsc-
756 3181 803 3231 Nec
818 3184 1041 3250 quicquansftnctus
1048 3185 1275 3250 (tryph—catapan

245 3261 294 3294 css.

254 3314 278 3371 6.
295 3307 359 3358 Dum
370 3317 443 3357 tomen
451 3311 495 3372 ipss
505 3308 529 3356 in
541 3309 610 3357 editt.
622 3309 739 3372 plurimis,
749 3311 812 3360 hsud
824 3311 895 3361 dubis
910 3312 986 3360 hietas
997 3313 1086 3362 silandi
1097 3329 1175 3364 csuss.
1194 3315 1241 3363 Sed
1249 3315 1273 3376 is

220 3372 290 3426 MSS.
301 3374 369 3425 Statii
377 3374 486 3422 omnibus
494 3375 549 3423 dum
558 3377 629 3432 modo,
642 3382 667 3423 et
675 3377 758 3424 sinent
770 3377 792 3426 in
802 3377 905 3426 editione
918 3377 1041 3426 Parthenii.

251 3519 354 3567 ‘l'astsss
364 3518 449 3565 abesse
457 3515 498 3573 sit,
505 3524 533 3564 nt
541 3515 648 3565 Mentula
654 3515 722 3566 disee
805 3521 830 3566 3.
848 3517 918 3566 Omne
936 3531 1009 3581 gentas
1025 3533 1068 3580 pro
1084 3519 1156 3566 omnis
1170 3520 1287 3584 genem

219 3581 260 3648 s'it,
274 3593 315 3654 qui
334 3590 406 3651 vulgo
424 3591 454 3638 ob
477 3589 628 3652 pulcherrimi
643 3592 722 3652 cujus·
772 3591 883 3652 exempla
894 3591 947 3637 vide
960 3591 1023 3652 apud
1035 3591 1156 3654 l'nlpiasn,
1173 3599 1198 3638 et
1209 3593 1276 3654 plura

219 3661 274 3712 daus
285 3661 481 3712 saltuchruriaui
492 3663 722 3725 possessionemnba·
772 3662 796 3710 iu
805 3662 925 3710 Thesauro
934 3663 1033 3720 Gesner.
1067 3711 1069 3716 ,

219 3734 326 3792 bebatur,
348 3742 375 3782 ut
392 3735 472 3797 potius
489 3753 586 3794 sumtus,
603 3729 633 3784 sd
652 3730 721 3798 quam
804 3737 828 3780 4.
846 3729 1012 3798 Nequidquam,
1023 3736 1067 3782 sed
1081 3733 1132 3782 baec
1145 3733 1277 3786 omnismi·

219 3805 300 3852 nimiis
309 3806 379 3853 isatis
387 3807 501 3854 sumtibus
517 3803 626 3859 redactus
636 3809 676 3865 sit,
687 3808 721 3855 ls-
771 3803 833 3870 nime
841 3805 864 3852 ei
875 3799 991 3854 sufficiunt
999 3825 1005 3854 e
1014 3807 1113 3872 scucttts
1123 3809 1276 3858 sanciturus·

218 3877 287 3936 buret
302 3875 389 3936 inopis.
423 3879 461 3926 De
481 3873 647 3925 Mutavit.
668 3877 720 3925 Ver.
770 3886 869 3940 superat,
886 3873 982 3928 exemit
1005 3881 1100 3927 modam
1118 3880 1142 3927 in
1160 3881 1274 3930 faciendis

222 3944 355 3995 Leucade.
368 3950 390 3995 t.
771 3949 885 3998 sumtibus
904 3951 945 4010 ita,
963 3960 989 4002 ut
1008 3951 1050 4001 isti
1071 3954 1142 4016 longe
1163 3961 1276 4018 saperent

242 4017 720 4083 1.Faainaatra,t.e.propbrromt-
770 4022 869 4070 reditas.

217 4089 717 4155 set'ssltuspusseaiuueuniut'aubeer.
