2909 4959
312 344 795 474 οιιιιιι.ιιιιιιιιιιῗιιι
814 367 1068 458 ueterem.
1167 377 1217 455 at

162 580 197 640 fl
210 578 461 639 1ιώιυιιιιιιιίισ
481 576 567 638 XLI.
584 575 740 650 leIcXIV
753 577 821 640 ιιθ.
846 584 879 667 ct
902 570 1065 636 suavus
1061 566 1219 679 ἈΜ

165 672 245 731 Attis
258 674 304 730 lies
316 671 379 732 Cot.
393 671 433 730 sd
444 691 486 731 vs.
500 677 551 734 35
564 683 595 730 et
609 671 647 731 el.

173 761 425 838 ΙΙιιᾳιιιιιιιιιιιιι
437 761 612 824 Groeoorum
633 763 762 822 suumn
780 761 993 822 catumeum·
1000 697 1134 822 omnihus
1153 763 1219 823 fere

163 854 279 914 muns
292 854 397 933 poe'tis
402 865 465 913 smt
479 868 643 932 commune.
687 853 762 914 Sunt
774 852 914 922 csrmius,
931 871 1000 930 quse
1015 851 1055 911 ad
1066 851 1219 913 verbume

164 946 431 1006 Gmcismsducte
444 941 1221 1026 esse,ipsefutemrpoeta(LXV1.cl.CXVI.I.1.);

165 1049 236 1098 sunt
252 1037 310 1100 alia
329 1039 362 1098 in
378 1037 485 1117 quibus
503 1041 633 1118 poetam,
647 1037 701 1098 nisi
715 1035 888 1098 Greeoorum
902 1039 994 1098 verbs
1012 1055 1049 1097 ac
1061 1039 1221 1099 sententiat

166 1129 355 1209 aponum,
370 1131 412 1190 its
424 1141 572 1194 smmum
588 1129 681 1192 fase
690 1129 857 1208 argumenti
877 1129 961 1188 mtto·
971 1127 1109 1201 ostendit,
1124 1138 1157 1190 ut
1170 1134 1224 1190 co*-

166 1222 277 1282 lon'bus
298 1222 401 1286 allonis
423 1239 479 1284 sua
499 1221 639 1286 infecisse
662 1221 806 1282 videatur.
823 1278 827 1287 ,
846 1222 938 1289 stcd
961 1231 1061 1282 temen
1088 1221 1223 1282 catulus

166 1313 237 1376 teet
256 1333 297 1374 ex
314 1335 407 1388 more,
423 1335 483 1396 quo
498 1333 599 1376 omnes
619 1316 746 1376 Romani
759 1315 916 1395 scriptores
929 1315 1055 1376 Grecos
1072 1315 1223 1376 habehant

167 1406 333 1486 maguum,
347 1409 431 1470 etad
444 1407 552 1468 Graecs
565 1408 683 1488 ingenie
694 1420 729 1469 ιι
743 1409 862 1489 prorsn's
875 1409 1107 1488 componebant3
1121 1426 1231 1494 quam·¹

168 1515 258 1578 quam
271 1509 372 1560 nostro
385 1519 444 1560 nou
458 1499 590 1571 deerant,
601 1519 668 1580 quse
682 1501 927 1560 adinventionem
941 1500 1099 1580 pertinent,
1112 1499 1225 1581 ingenii

167 1591 211 1652 eis
231 1611 268 1654 ac
285 1593 430 1653 celeritas.
470 1591 607 1653 Liberior
626 1613 697 1653 vero
715 1591 842 1652 imitatio
857 1584 974 1665 vereor,
989 1604 1022 1652 ut
1037 1591 1167 1672 pluribus
1190 1590 1223 1651 in

165 1683 240 1744 locis
253 1703 381 1764 unqusnr
396 1685 589 1745 demonstrari
599 1685 701 1763 possit,
713 1703 804 1764 quum
815 1685 955 1756 carmine,
967 1703 985 1744 e
1000 1685 1112 1765 quibus·
1121 1688 1224 1744 noster

167 1773 263 1836 mults
285 1776 467 1863 decerpsisse
492 1776 617 1846 videtur,
646 1777 794 1856 proecipue
822 1776 1001 1861 comicorum
1028 1775 1222 1856 antiquorum,

167 1867 308 1947 temporis
331 1858 440 1928 invidis
461 1868 611 1948 perierint.
652 1869 703 1928 De
723 1868 845 1946 singulis
863 1853 1016 1928 sententiis
1034 1868 1158 1948 quaestio
1179 1874 1227 1930 est

169 1959 331 2031 diffluum
353 1961 435 2040 quod
452 1981 509 2020 non
528 1961 655 2022 sensisse
668 1960 808 2020 videntur
826 1961 1011 2039 interpretes,
1026 1961 1167 2021 facillime
1187 1981 1224 2022 eo

168 2039 302 2122 ⁴deducti,
323 2063 366 2124 nt,
386 2052 633 2133 quemadmodum
653 2051 733 2130 apud
754 2051 951 2133 Propertium
971 2053 1012 2112 ite
1024 2053 1123 2112 etism
1145 2050 1226 2141 spnd

170 2143 324 2204 Catullum
335 2145 560 2254 conparatione
581 2145 716 2204 similium
736 2145 947 2212 sententiarum
969 2130 1169 2218 abuterentur,
1194 2155 1226 2207 et

94 2236 98 2246 '
168 2241 288 2320 poetam
300 2237 419 2318 ingenio
432 2258 485 2298 suo
498 2239 538 2298 nil
552 2239 662 2299 debere
675 2249 823 2318 putarent.
865 2239 919 2298 Ac
915 2257 983 2299 non
982 2239 1090 2298 solum
1101 2239 1226 2300 Graecos

168 2331 300 2390 imitatus
309 2342 357 2391 est
367 2331 510 2403 Catullus,
525 2333 579 2392 scd
590 2331 677 2392 etism
688 2331 867 2412 antiquiores
881 2331 1004 2392 Latinos
1016 2335 1130 2411 po'etes,
1141 2342 1173 2391 et
1182 2329 1228 2391 etl

168 2422 276 2484 horum
291 2415 515 2502 exemplesuam
525 2419 641 2482 dicendi
655 2422 799 2482 rationem
807 2423 1013 2483 conformavit.
1048 2423 1101 2482 si
1094 2433 1225 2502 integros

168 2513 345 2608 hebetemus
359 2514 459 2588 Ennii,
476 2515 592 2586 Lucilii,
608 2513 703 2574 Neevii
717 2514 898 2592 aliorumque
911 2513 1010 2584 libros,
1024 2514 1133 2574 certior
1145 2521 1226 2574 esset

169 2599 236 2694 res,
255 2627 335 2666 nunc
348 2626 420 2666 vero
433 2603 634 2686 cfrsgmentis
647 2623 743 2685 peuce
752 2616 866 2665 tontum
880 2605 998 2684 probari
1007 2615 1140 2686 possunt.
1173 2605 1225 2664 Irn

170 2681 316 2778 terpretcs
328 2717 399 2758 vero
411 2699 477 2758 hoec
486 2717 589 2778 parum
601 2699 803 2768 observarent,
817 2707 849 2756 et
862 2697 964 2768 multa,
980 2716 1047 2785 quoe
1057 2717 1095 2758 ex
1104 2697 1225 2758 Graeoc·
1305 2763 1308 2769 ,

169 2801 272 2850 sumet
285 2789 476 2850 Latinorum
468 2789 631 2849 imitatione
641 2789 783 2868 explicari
796 2789 956 2860 debebant,
970 2788 1139 2848 omiserunt
1181 2788 1226 2849 Ut

169 2881 424 2962 peumscxemphs
433 2893 508 2955 utsr
524 2901 551 2944 c.
566 2881 694 2944 LXVII.
707 2887 738 2945 6.
751 2881 871 2942 delendi
883 2881 976 2941 debet
985 2879 1088 2941 lectu

438 3057 568 3123 roseum
579 3067 615 3110 cst
623 3070 725 3126 porrecto
732 3062 795 3110 lsots
803 3061 886 3110 ments
895 3077 961 3110 nnc.

173 3209 223 3272 ubi
242 3207 371 3290 antique
393 3197 535 3272 editiones
550 3199 668 3274 Vicent.
689 3213 770 3282 Brix.
784 3166 906 3274 Venett.
930 3211 1071 3276 exhibent
1090 3215 1232 3291 prq'ectq'

171 3303 253 3386 quod
275 3300 452 3366 Parthenius
475 3305 605 3386 explicat
632 3307 739 3366 eoelum
765 3307 863 3392 Bauo.
911 3305 949 3366 In
971 3307 1060 3371 codd.
1085 3305 1170 3368 susti
1194 3312 1234 3378 ct·

172 3385 296 3458 membr.
311 3397 487 3458 Commelin.
501 3399 610 3480 optime
624 3397 733 3477 legitur
742 3409 878 3476 porrecto.
919 3400 985 3460 Ac
976 3412 1018 3463 rte
1030 3399 1170 3478 loquutus
1181 3408 1233 3466 est

172 3487 376 3554 eGraecorum
390 3510 482 3552 more.
523 3491 647 3572 Homer.
661 3491 698 3550 ll.
712 3490 831 3552 XVIII.
843 3495 897 3554 26.
1003 3553 1007 3560 ,
1072 3505 1077 3512 ’

331 3683 410 3744 αὐτὸς
421 3683 441 3735 l'
451 3685 481 3760 iv
490 3685 588 3753 :colpos
598 3684 678 3753 μέγας
688 3683 833 3764 psychom
843 3599 979 3742 samosate
990 3684 1074 3734 xero.
1107 3707 1112 3714 ·

174 3835 250 3897 Cum
270 3835 398 3896 carmine
413 3835 451 3895 V.
465 3815 696 3916 comparendum
717 3846 763 3896 est
784 3835 825 3907 id,
847 3833 929 3914 quod
952 3833 1032 3914 apud
1050 3831 1229 3894 Atheneum

172 3927 262 3988 VIII·
278 3925 325 3990 14·
340 3950 370 4008 p.
380 3933 452 4010 289.
474 3928 641 4006 Schweigh.
657 3938 763 3988 exstat.
777 3934 843 3988 slve
857 3929 902 3986 sol
916 3929 1007 3998 παιζε,
1018 3923 1150 3997 tmesi
1160 3923 1227 3999 βίοι
1341 3913 1357 3936 ”

172 4027 230 4106 pte.
239 4039 250 4086 ,¹
274 4039 377 4080 versus
393 4025 443 4081 18.
458 4038 546 4080 carm.
562 4025 614 4080 68.
635 4040 701 4080 cum
722 4020 859 4100 Sapphus
872 4015 1039 4100 fragmento
1056 4018 1129 4078 XII
1142 4028 1174 4080 et
1185 4018 1236 4078 sic·

173 4110 239 4174 slis·
270 4111 318 4196 (ll.
341 4111 511 4175 Rhunkenii
525 4113 609 4193 proef.
629 4111 668 4172 nd
688 4113 789 4192 hymn.
811 4113 842 4170 in
862 4112 966 4175 Cerer.
982 4131 1012 4193 p.
1026 4111 1155 4189 Xll.sq.
1175 4109 1229 4170 Ad

170 4203 311 4289 entiquos
325 4207 428 4284 poetas
439 4203 563 4266 Latinos
575 4203 653 4281 inter
666 4203 725 4266 slis
738 4204 830 4264 multa
839 4204 1060 4284 heecspcctant.
1092 4202 1238 4264 Carmine·

171 4292 322 4359 LXXIII.
337 4295 501 4376 exprimere
516 4297 634 4359 volebat
647 4295 736 4356 Ennii
749 4295 828 4376 spud
843 4295 905 4360 Cic.
921 4295 960 4355 de
974 4292 1050 4357 offic.
1064 4293 1109 4356 II.
1126 4296 1173 4360 18.

980 4402 1003 4447 ι.
