2909 4959
232 356 301 424 Μ
346 357 540 425 uuum
563 353 879 429 GALLIAMBUS
904 353 959 421 IN
981 352 1236 422 BAGCHUM.

282 539 378 605 Eune
392 547 498 627 peter,
514 540 725 627 frementum,
740 538 919 608 metuemie
936 537 1117 618 Bassareu,

278 649 352 715 'l'er
365 673 387 715 o
400 659 435 716 et
449 659 571 738 quater
584 652 719 716 beatum
738 661 798 716 tua
812 645 872 737 qui
886 647 982 735 orgia
995 649 1159 736 sequitur,

278 759 447 846 'Phyrsum
462 761 614 850 inquiete
625 759 746 830 dextra
760 759 915 847 quatiens
929 757 1188 826 hedericnmutn.
1215 827 1218 838 ,
1235 832 1239 845 .

276 869 503 958 Simulatque
520 869 662 957 pulchre
675 869 794 936 Cadmi
809 877 844 934 te
860 867 931 934 filia
946 869 1090 956 peperit,

276 977 430 1065 Peperit,
439 979 500 1046 sed
510 989 589 1046 aute
603 987 746 1066 tempus,
757 979 782 1046 J
785 979 857 1044 nvis
871 978 950 1065 igne
965 977 1091 1060 munia,

277 1086 384 1155 Pater
392 1089 470 1176 ipse
484 1097 519 1155 te
531 1090 719 1178 alligatum,
728 1090 872 1178 ,proprio
887 1090 923 1154 in
936 1090 1062 1154 femore
1077 1087 1168 1167 tulit,

276 1195 373 1261 Mala
388 1218 430 1262 ne
445 1220 588 1264 noverea
603 1185 694 1264 eoelo'
704 1207 738 1264 te
752 1198 958 1285 precipitem
975 1207 1100 1286 ageret.

277 1305 384 1373 Dedit
397 1308 476 1374 inde
489 1316 525 1374 te
533 1301 715 1376 fovendum
728 1295 881 1396 nymphis
896 1309 1132 1396 n'amdrivagts‚
1241 1293 1248 1352 ἶ
1299 1327 1302 1334 ·

274 1417 369 1504 Jugn
384 1438 460 1506 qun
475 1441 536 1507 per
551 1419 621 1486 altu
633 1421 738 1506 Nysae
753 1439 898 1508 propero
912 1419 999 1506 pede
1014 1419 1167 1486 volitant.
1224 1401 1246 1464 ‘·

274 1526 360 1606 Qun
375 1527 424 1592 ibi
436 1549 570 1618 cunque
583 1537 622 1596 tu
635 1530 770 1616 puellus
785 1530 860 1596 loen
872 1531 993 1596 dexter
1007 1530 1149 1602 adieras,

274 1635 477 1725 Ubicunque
491 1639 675 1723 sessitdres,
690 1629 779 1706 nora
796 1634 946 1728 germine
961 1649 1079 1707 tenero
1108 1670 1112 1679 ·
1182 1670 1185 1678 ·

279 1745 442 1814 Feriebat
461 1749 562 1814 arbor
575 1769 675 1816 aures
689 1735 849 1816 redimita¹
860 1749 1044 1839 pampinis:
1149 1755 1153 1764 '

274 1855 477 1944 Ubicunque
491 1857 659 1942 Incitatus,
678 1879 766 1925 nova
780 1845 918 1928 flumina
932 1862 1048 1928 temeti
1136 1861 1139 1870 ⁴
1175 1951 1179 1958 Α

273 1966 463 2032 Placido
429 1989 518 2034 vrum
533 1972 691 2036 secabant
705 1971 873 2036 fluitantia
887 1973 1012 2039 sortitu
1100 2003 1105 2012 ¹
1234 1996 1238 2007 ·

273 2075 393 2156 Quid
375 2099 448 2164 Jam
461 2077 592 2144 indiam
606 2081 777 2146 subactam
792 2083 855 2148 tibi
868 2083 1016 2149 maxime
1028 2057 1252 2149 memnr‘eiui

273 2187 365 2267 Quid
378 2174 523 2254 Penthei
537 2198 596 2255 aut
610 2186 759 2278 Lycurgi
773 2191 935 2259 scelerate
949 2194 1107 2274 facinore,
1188 2197 1192 2206 ’
1224 2223 1244 2230 ”

272 2296 376 2362 Nora
391 2297 516 2386 quidve
529 2306 678 2364 munstre
688 2301 833 2367 Etrusco
848 2285 1025 2370 natitantia
1040 2301 1234 2396 pelago?

271 2407 352 2473 'l'ua
362 2429 425 2495 per
438 2409 590 2495 trophea
603 2409 700 2474 eunti
714 2431 825 2498 neque
839 2395 929 2478 enim
944 2413 1054 2478 moda’
1067 2411 1217 2477 fuerit.-

270 2517 351 2584 'ribi
363 2517 517 2602 Tmolus,
530 2525 564 2584 et
575 2519 770 2605 Cytbaernn‚
784 2520 844 2586 tibi
855 2521 951 2608 Nysa
965 2511 1098 2589 subdita
1111 2529 1182 2599 est3

269 2627 349 2693 'l'un
360 2628 495 2708 Musici,
506 2637 540 2695 et
555 2635 668 2716 pne’toe
684 2631 856 2699 unanimes
870 2653 965 2699 sacra
978 2633 1170 2712 celabra'nt;
1195 2654 1197 2663 ·
1217 2654 1220 2668 ·

268 2737 350 2804 Τιο
365 2739 415 2804 eie
428 2738 563 2827 liquore
576 2742 675 2806 tectis
687 2740 788 2806 simul
801 2763 847 2806 ec
855 2727 967 2828 capita
981 2725 1105 2822 celent,
1160 2769 1165 2784 ·
1227 2774 1234 2782 ·

269 2847 432 2916 Numeris
445 2857 586 2937 repente
598 2850 681 2916 fusis
695 2852 807 2920 subito
822 2853 935 2919 omnia
949 2859 1117 2919 resonant.

269 2957 353 3026 Sine
367 2966 401 3025 te
415 2957 501 3025 nibil
519 2970 699 3026 venrrstum
714 2968 778 3046 est,
791 2961 876 3064 nibil
891 2971 943 3062 est
955 2960 1180 3028 bilaritiduni!
1225 2966 1229 2974 ’
1244 2959 1249 2977 ‘

267 3066 326 3132 'l'u
339 3067 458 3133 animis
471 3069 592 3134 acerba
606 3069 702 3134 fessis
716 3057 873 3136 curarum
887 3057 991 3135 unere
1005 3071 1155 3157 abigis,·
1230 3096 1250 3109 ··

264 3173 398 3240 Adimis
413 3175 601 3262 pudorem
589 3185 752 3264 ineptum,
768 3187 899 3246 secreta
921 3163 1090 3267 patefacis,
1160 3203 1186 3215 ··

180 3302 185 3312 '
268 3284 420 3352 ineunda
434 3283 534 3372 pellis
547 3307 662 3352 omnes
675 3285 719 3351 ad
733 3273 1015 3374 proeliaVeneris:
1081 3298 1105 3328 ³
1143 3315 1145 3322 ·
1241 3294 1245 3307 '

266 3392 389 3478 Obrue,
401 3394 518 3484 quiete
529 3394 636 3475 molli,
649 3398 772 3484 quibus
787 3398 918 3486 obtegis
930 3398 1101 3463 oculos*
1171 3403 1190 3440 ἕ»
1246 3426 1253 3438 ⁴

265 3502 422 3590 Agedum
434 3510 544 3590 peter,
558 3504 701 3593 agedum
715 3529 788 3588 rex,
801 3495 944 3595 agedum
960 3506 1092 3573 etheria
1103 3491 1219 3592 decus,v
1244 3487 1249 3499 ’

267 3612 360 3682 Ades
375 3634 492 3703 usque,
506 3635 634 3704 nosque
647 3617 794 3682 clemens
808 3618 907 3684 oculo
921 3617 1033 3708 aspice
1045 3614 1193 3705 ‘plcctda
1226 3616 1231 3636 ’“
1246 3599 1250 3607 ’

940 4315 944 4320 ¹
1009 4249 1266 4334 transeamus
1314 4281 1317 4286 .
