2909 4959
217 387 285 458 903

461 388 501 455 G.
526 387 772 463 VALERII'
788 389 1030 460 ottonum

485 711 748 797 CARMEN
787 713 995 797 LXXIV.

632 913 669 961 IN
685 913 850 961 GELLIUM.

283 976 288 1007 l
326 993 335 1014 a

304 1051 473 1118 Gauuos
487 1051 653 1135 audierat,
663 1060 821 1140 patruum
836 1051 1014 1142 objurgare
1029 1052 1152 1138 solere,

346 1161 384 1227 Si
394 1162 470 1251 quis
484 1161 622 1227 delicias
635 1159 772 1246 diceret,
788 1168 847 1228 aut
861 1163 998 1228 faceret.

303 1271 380 1338 Hoc
394 1293 436 1337 ue
451 1273 516 1362 ipsa
506 1253 704 1353 accideret,
716 1272 831 1360 patrui
846 1271 1064 1360 perdepsuit
1054 1293 1159 1362 ipsam

344 1381 508 1464 Uxorem,
525 1386 560 1446 et
574 1387 737 1468 patruum
748 1379 894 1482 reddidit
909 1383 1165 1479 Harpocratem.
1241 1453 1245 1462 ,

301 1490 402 1572 Quod
412 1489 530 1568 volunt
546 1489 644 1556 fecit:
660 1510 749 1574 nam,
763 1475 914 1578 quamvis
928 1491 1096 1558 rurumet
1086 1515 1196 1580 ipsum
1245 1494 1265 1558 5

340 1600 444 1668 Nunc
455 1608 625 1690 patruum,
640 1603 780 1667 verbum
794 1621 861 1666 nou
876 1599 976 1667 faciet
990 1610 1142 1691 patruus.

311 1791 335 1837 3.
354 1787 488 1848 Perdespait
496 1785 592 1834 mulsia
603 1785 672 1833 libris
681 1785 791 1848 antiquis,
800 1793 827 1834 ut
837 1793 902 1835 reeta
913 1787 994 1835 deeuit
1005 1787 1116 1850 Scaliger.

312 1855 337 1900 6.
355 1851 427 1900 Hauc
434 1859 545 1914 patmum
556 1865 587 1898 ax
598 1865 646 1898 uuo
655 1851 715 1900 God.
727 1851 828 1914 protulit
837 1860 862 1900 et
871 1853 982 1914 probarit
992 1853 1087 1902 Statius.

244 2017 337 2066 rma·
359 2016 429 2079 hujus
452 2015 627 2081 epigrammatis
647 2033 716 2080 argu·

211 2097 316 2140 nutum
324 2096 433 2140 versatas
442 2089 468 2138 iu
482 2091 638 2140 describendo
649 2091 716 2138 adul-

212 2171 266 2212 tero
281 2163 443 2218 insanissimo,
463 2163 551 2218 Gellio,
570 2178 639 2224 quam
658 2179 716 2210 euu-

213 2235 323 2282 demessa
333 2239 425 2294 putant,
432 2233 471 2293 qui
480 2234 645 2281 acioeroueiu
656 2231 715 2282 Ors-

211 2305 276 2354 tiona
283 2305 336 2360 Pro
346 2305 428 2352 Sextio
438 2306 611 2368 perstringitur.

244 2381 268 2425 1.
285 2377 400 2426 Petraeum
416 2378 550 2441 olgiurgnrc:
570 2378 715 2440 proverbiali

211 2451 261 2499 iere
276 2450 395 2498 looutious
412 2455 468 2496 uota
485 2458 523 2498 est
538 2458 672 2513 patruorum
688 2451 715 2498 iu

209 2525 308 2572 fiam
323 2523 410 2570 liberos
428 2523 550 2571 severius.
566 2524 653 2572 Horat.
665 2524 714 2572 Sat.

211 2598 248 2645 11.
259 2598 285 2643 3.
300 2598 342 2644 00.
353 2594 536 2656 Naaispetruus
551 2595 616 2654 atti,
632 2595 713 2643 atoe.

210 2669 262 2720 Ill.
281 2670 321 2716 12.
341 2669 366 2715 3.
393 2667 487 2714 Patrue
509 2668 599 2714 urbere
621 2667 714 2731 linguat.

211 2739 267 2789 vida
280 2755 339 2801 quos
350 2739 430 2788 laudat
440 2737 533 2788 Ernsati
542 2738 566 2787 in
577 2740 650 2808 Clare
661 2739 713 2788 Cic.

212 2814 257 2860 sub
268 2820 405 2874 r.pntruus.

243 2889 269 2934 2.
287 2884 312 2932 Si
330 2885 379 2947 puis
398 2883 491 2932 &aaa
508 2891 554 2932 oet.
573 2883 595 2933 si
609 2882 714 2945 gamuel

211 2954 284 3004 dietis
304 2957 344 3003 vet
362 2956 432 3004 tantia
450 2957 522 3016 muto
538 2955 637 3006 tiberim
651 2955 714 3004 iure

212 3027 324 3076 amatoria
334 3027 435 3074 luderet.

244 3103 269 3148 8.
287 3098 427 3158 Perdapsait.
445 3098 494 3157 Qui
511 3097 630 3145 notionem
643 3098 713 3158 lruJ'ua

211 3168 618 3230 v'erbieruersoupimdeatMonut
627 3169 713 3216 sdGio.

209 3240 291 3307 Epist.
313 3240 343 3286 ad
361 3240 418 3286 Dir.
429 3242 477 3288 1x.
494 3243 533 3288 22
551 3257 577 3302 p.
594 3245 636 3290 39.
655 3239 714 3289 edit.

211 3315 292 3361 Grau.
303 3317 328 3359 et
335 3308 442 3359 Bochcrt
454 3311 552 3358 Hieron.
563 3313 584 3360 1
591 3328 616 3374 p
625 3314 681 3360 198

243 3388 269 3433 4.
286 3379 402 3432 Paruum
422 3384 522 3433 reddidit
541 3383 713 3446 Harpocratem,

128 3478 132 3484 ·
210 3455 318 3506 dunum
328 3461 355 3504 ut
367 3464 475 3520 patruus,
487 3455 552 3506 velut
560 3456 645 3506 silentii
654 3459 713 3504 deus

766 2015 937 2080 Harpocratea,
944 2017 1016 2065 altum
1025 2017 1048 2066 in
1060 2020 1103 2067 hae
1111 2035 1138 2067 re
1146 2021 1195 2080 jam
1201 2021 1266 2082 jube·

765 2094 803 2136 ret
815 2089 941 2147 silentium,
951 2103 995 2137 nae
1006 2090 1107 2151 amptius
1123 2093 1266 2154 objurgando

766 2160 880 2208 molestus
891 2163 1086 2224 esset-ssFigam
1104 2164 1265 2226 Harpocratis,

766 2245 856 2280 summa
867 2233 922 2280 olim
934 2233 1048 2294 religione
1063 2236 1092 2281 ab
1108 2235 1229 2297 AEgyptiis
1242 2237 1266 2284 ia

697 2354 702 2361 g
765 2304 860 2366 templis
880 2306 952 2354 Isidis
972 2311 997 2354 et
1018 2307 1139 2370 Sarapidis
1160 2309 1264 2368 inprimis

765 2375 832 2434 culti,
842 2377 876 2424 its
886 2379 934 2426 fare
946 2378 970 2426 in
978 2381 1133 2428 monumentis
1149 2382 1265 2430 veteribus

765 2457 879 2510 expressa
895 2451 1050 2512 conspicitur,
1066 2461 1094 2500 ut
1103 2454 1135 2501 ad
1145 2453 1263 2502 silentium

763 2519 915 2570 iudicandum
927 2539 986 2572 unus
1002 2523 1129 2588 digitorum
1141 2525 1178 2574 ori
1187 2528 1263 2575 admo·

764 2599 803 2640 tus
812 2594 849 2642 rel
858 2593 960 2643 insertus
971 2597 1130 2646 sit-Exstat
1140 2591 1267 2660 p'eeutiuu

764 2664 788 2712 iu
799 2665 858 2713 hano
865 2683 914 2715 rem
923 2668 1025 2725 libellus,
1034 2685 1119 2732 magua
1127 2672 1264 2719 eruditionis

764 2739 993 2806 copiaoouaosiptus,
1006 2741 1068 2790 Giad.
1081 2741 1265 2805 ceparanum

763 2819 842 2876 crates,
853 2812 892 2860 ubi
899 2819 985 2874 praetor
991 2813 1151 2874 perantiquam
1161 2815 1265 2876 imagun-

763 2883 839 2930 culam
864 2893 997 2946 argenteam
1022 2885 1135 2946 singulari
1152 2887 1234 2932 atudio
1251 2901 1265 2932 a

763 2954 857 3015 cupere
876 2957 1020 3018 explicitam,
1037 2955 1116 3004 multae
1127 2958 1180 3004 aliu
1201 2961 1268 3020 ejus·¹

751 3027 816 3073 ,dem
832 3027 872 3074 dei
890 3029 968 3090 ligura
978 3029 1101 3088 exhibitas,
1119 3035 1152 3086 ct,
1162 3045 1215 3090 quaa
1233 3031 1262 3078 ad

762 3098 881 3147 historiam
892 3100 962 3162 hujus
978 3101 1017 3149 dei
1029 3107 1146 3163 spectant,
1165 3102 1263 3164 diligen·

761 3175 799 3216 ter
813 3171 912 3219 collecta
925 3179 948 3218 et
968 3174 1090 3235 proposita
1101 3178 1164 3221 sunt.
1197 3174 1264 3221 Adde

762 3239 923 3291 Bormaomcm
933 3245 980 3292 Sec.
994 3245 1024 3292 ad
1040 3245 1136 3294 Authol.
1154 3245 1202 3293 111.
1223 3249 1262 3294 88.

761 3315 789 3361 Τ.
802 3316 823 3362 Ι.
835 3331 860 3377 p.
873 3320 929 3366 629.
940 3319 981 3364 30.

794 3389 818 3436 5.
832 3388 897 3442 Quod
906 3389 987 3444 uoluit.
997 3385 1071 3452 secu:
1088 3387 1264 3436 loamedoirn·

761 3447 873 3522 patrarit‚
881 3460 957 3522 quod
950 3467 1073 3524 impetrare
1084 3459 1165 3512 voluit.
