2909 4959
205 343 254 412 58
384 381 388 389 ·
414 343 626 418 nnNnu
655 346 717 414 ΙΝ
745 345 1056 416 ceodrum!

201 529 253 597 cf.
266 529 391 594 Terent
413 531 543 614 Adelph
555 532 584 618 ι.
604 543 630 594 1
646 536 697 596 su.
698 531 829 592 -Alter
848 551 886 592 ve
885 550 957 622 pus
971 531 1079 594 iterum
1097 531 1237 613 tegito
1228 554 1264 594 ιιι

201 623 398 778 pltrppmi‘lli
390 629 443 690 5
460 623 524 709 sed,
546 623 879 699 caminiecensem
897 623 1107 706 interpolatore
1127 626 1197 688 illuc
1210 627 1261 738 de·

292 869 296 876 ·
394 838 445 894 'at
457 847 498 896 13.
529 843 1059 910 Pmouniirieuetnsgmbsiinpngnste.
1183 861 1196 882 ⁶

202 970 274 1034 Non
293 969 481 1036 sollicitanda
499 983 568 1034 suut
589 973 655 1034 hoec
676 975 777 1046 verba,
805 992 981 1055 quamquam
1004 972 1141 1054 Scaliger
1167 993 1186 1035 e
1207 957 1266 1036 cus

202 1065 269 1126 dice
281 1065 368 1128 effert
377 1075 504 1154 moute,
526 1066 608 1148 quod
620 1066 728 1148 corrigi
745 1065 809 1128 vult
823 1077 938 1145 perata.
977 1065 1152 1128 Lectionem
1170 1067 1262 1147 piuri-

201 1177 315 1220 mcrum
328 1159 441 1220 codd.
427 1177 496 1248 Jure
511 1157 646 1220 defendit
666 1158 788 1233 Statius,
802 1158 934 1220 excitans
947 1159 1049 1224 iocum
1063 1160 1167 1220 Lucilii
1181 1161 1261 1241 apud

201 1251 356 1314 Donatum
377 1241 775 1334 (struendarum
792 1257 844 1317 60.
864 1265 897 1315 et
911 1253 1043 1337 Adelph.
1059 1253 1099 1315 V
1112 1257 1144 1317 4
1163 1258 1195 1318 5.
1217 1254 1257 1316 ad

202 1343 307 1404 verba.
314 1345 401 1404 niteas
410 1344 515 1418 durent,
529 1363 611 1424 quem
620 1345 701 1423 vni.)

407 1475 516 1526 Vicinus
525 1491 541 1526 ο
552 1474 621 1536 socii,
632 1482 656 1528 ct
666 1490 774 1542 magum
783 1476 937 1543 pugnavimus
948 1493 1058 1542 pugnarn.

201 1601 306 1684 virgil.
320 1601 410 1665 vm.
423 1607 509 1675 629³
533 1604 717 1685 Pugsstnpue
729 1608 760 1666 ιἰι
772 1606 866 1668 ordire
877 1604 1088 1674 dedu-Quod
1104 1603 1214 1684 legitur
1226 1605 1261 1666 in

202 1693 281 1758 eod.
294 1694 406 1758 Dresd.
416 1705 448 1756 et
460 1693 492 1758 in
505 1696 590 1758 editt.
601 1696 668 1760 Vic.
687 1697 774 1758 Brix.
787 1709 820 1759 et
833 1699 955 1763 Venett.
967 1707 1034 1760 eunt
1046 1699 1113 1761 midi
1123 1718 1180 1780 pro
1196 1699 1261 1760 midi

200 1799 266 1850 rest
279 1793 447 1852 correctum
456 1790 584 1872 primm
594 1790 655 1852 vidi
665 1791 698 1854 in
708 1791 782 1854 Ald.
795 1793 824 1855 1.

243 1883 379 1952 Quatnor
391 1882 485 1945 ultind
502 1903 616 1958 versus,
632 1904 708 1965 quos
720 1883 898 1946 recentiores
911 1884 1040 1947 editores
1052 1881 1124 1947 huic
1138 1881 1258 1945 carmini

200 1969 411 2057 adjunxerunt,
429 1976 460 2038 in
473 1976 551 2040 cod
565 1977 675 2040 Dresd.
687 1996 798 2042 novum
810 1997 932 2041 carmen
943 1976 1082 2040 efficiunt.
1111 1976 1260 2038 Palladius

201 2079 234 2132 et
247 2068 397 2131 Guarinus
410 2075 672 2152 postponunt).
687 2089 750 2151 seq.
765 2069 901 2132 carminis
912 2081 1087 2152 posuerunt.
1122 2068 1162 2132 In
1176 2070 1259 2132 edite

199 2160 293 2241 antiq.
312 2181 382 2222 cum
402 2161 539 2242 sequenti
551 2179 640 2222 carm.
663 2166 895 2240 conjunguntur.
936 2160 1020 2222 Duos
1038 2176 1139 2220 versus
1162 2177 1202 2218 ex
1219 2155 1255 2216 iis

199 2254 285 2314 affert
307 2254 473 2314 Priscianus
492 2253 544 2313 lib.
565 2253 605 2314 V.
623 2273 653 2332 p.
670 2257 744 2317 673.
759 2259 808 2314 10.
829 2263 861 2313 et
880 2253 988 2314 iterum
1001 2251 1056 2311 VI.
1071 2271 1101 2332 p·
1114 2252 1186 2316 741.
1202 2253 1259 2311 24.

200 2343 565 2432 Putsch.(1nsltcroiocc
577 2344 720 2406 mendose
733 2345 895 2432 leguntur:

523 2479 620 2541 Tupre
587 2484 788 2526 mrcmussuu
789 2476 971 2542 ssdospiilatir
1037 2531 1042 2538 ,

524 2553 875 2604 celtibmcseceiribsriefli.

199 2665 429 2730 insecuturi
449 2683 554 2728 omues
573 2664 763 2744 Caniculam.)
794 2628 922 2726 Taunum
934 2685 1005 2727 vero
1024 2666 1122 2738 abest,
1142 2675 1179 2726 ut
1199 2662 1255 2725 hos

198 2779 303 2823 versus
317 2777 386 2821 cum
399 2757 529 2830 carmina
543 2757 704 2820 XXXVII.
726 2757 950 2842 conjungendos
964 2757 1159 2831 defenderim,
1172 2768 1204 2817 ut
1217 2776 1255 2816 ex

199 2851 259 2916 aiio
278 2851 409 2918 carmine
428 2852 607 2931 desumptus,
628 2847 750 2934 eCapri
767 2849 961 2913 Grammatici
980 2849 1072 2922 libris,
1092 2869 1167 2930 quos
1181 2849 1256 2908 Pris-

199 2945 301 3008 cianus
314 2955 382 3008 anto
396 2944 498 3008 oculos
507 2943 622 3016 habuit,
636 2942 667 3004 in
680 2943 800 3005 codices
815 2942 927 3006 Catulli
940 2953 1086 3023 receptor,
1101 2953 1142 3009 et.
1153 2952 1185 3002 ut
1191 2941 1253 3002 fere

198 3057 316 3121 semper
328 3038 441 3100 factum
455 3048 514 3110 ert,
529 3041 619 3112 juxta
634 3053 756 3096 carmen
772 3035 873 3096 similis
894 3033 1059 3115 argumenti
1073 3033 1251 3115 (XXXIX.)

199 3130 312 3212 positos
326 3129 501 3191 existimem.
542 3127 646 3188 Nexus
658 3127 738 3188 euim
751 3147 819 3188 cum
831 3128 991 3188 antecedd.
1010 3128 1048 3188 sb
1069 3125 1255 3187 hisversibus

198 3241 317 3304 prorsus
329 3223 422 3292 abest,
443 3231 475 3281 et
495 3219 650 3299 descriptio
668 3219 718 3281 iila
729 3219 769 3280 ‘in
781 3219 841 3281 fine
854 3219 987 3280 carminis
1001 3239 1061 3280 non
1075 3237 1179 3300 parum
1199 3218 1256 3278 dis·

198 3311 301 3394 plicet.
341 3311 442 3372 Vcrba
462 3321 494 3370 tu
513 3320 616 3388 prater
637 3332 734 3382 omues,
758 3324 840 3394 puto,
867 3312 1003 3374 Catullus
1024 3331 1085 3372 non
1098 3310 1255 3392 posuisset,
1357 3319 1365 3340 ⁸

197 3405 281 3466 nulle
293 3403 413 3486 adjecta
426 3402 542 3485 copula,
563 3422 618 3482 pro
639 3422 671 3462 uc
686 3405 855 3464 tumaxime.
895 3404 986 3472 Quod
997 3423 1072 3464 vcro
1094 3402 1254 3482 Egnatium

198 3497 272 3562 dicit
285 3500 390 3571 dmm,
405 3496 437 3558 id
449 3516 509 3558 nou
522 3495 625 3556 referri
636 3495 726 3556 debet
752 3496 791 3557 sd
803 3497 895 3556 verbe
915 3497 977 3556 dorsi
995 3495 1141 3574 bemiprm
1157 3513 1254 3554 recur-

199 3592 237 3654 rit
249 3591 330 3654 idem
343 3610 373 3654 c.
387 3587 546 3652 XXXIX.
560 3593 591 3652 9.
632 3587 699 3650 Nec
717 3587 877 3669 quidquam
895 3588 1092 3662 desideratur,
1108 3607 1177 3648 cum
1194 3605 1257 3648 car·

199 3703 268 3759 meu
280 3695 415 3747 nostrum
427 3683 459 3745 in
466 3705 509 3747 vs.
523 3689 571 3746 16.
586 3681 699 3745 exitum
710 3681 810 3743 habet.
955 3672 958 3678 ’

280 4357 1186 4450 m
