2909 4959
192 418 195 424 '
243 399 287 482 li
452 407 662 484 HA'NDII
693 353 765 494 IN
780 334 1086 486 utilimum

1076 558 1082 566 1
1171 540 1178 568 t

403 670 413 687 ι
492 631 621 700 Βιιιιιιοιι
632 653 692 702 mals
702 653 923 734 Naimplleflfit
932 652 1041 710 arbitror,
1064 605 1072 621 ι

168 801 171 806 ·
239 773 359 850 sethoc
372 773 482 854 antiqui
492 777 608 855 po'e'tae:
1002 765 1005 769 ¹

483 929 600 981 Βιιιιιιιιι
610 929 633 978 ιι
646 929 729 992 vulgus
741 946 794 982 cum
804 929 887 994 largiri
898 928 1035 985 institueris,

376 1003 379 1008 ’
484 1005 609 1053 Ροιιιιιιιιιιι
620 1013 674 1053 sunt
684 1005 765 1062 multa,
777 1014 802 1053 ut
813 1005 884 1054 semel
892 1021 965 1068 ponas
976 1007 1043 1053 bene.

238 1145 338 1207 Carm-
359 1143 474 1205 LXIV.
494 1149 563 1206 106.
604 1143 714 1226 Recipi
737 1145 866 1205 debebat
886 1142 977 1204 lectio
1000 1142 1138 1203 codicum
1159 1141 1291 1217 duorumt

237 1257 312 1319 quos
323 1239 470 1342 Columna
482 1237 639 1312 eoirsuluit,
653 1234 984 1337 et1excerpt.Vatican.
999 1236 1116 1299 Ursini:

553 1414 985 1480 mum-woradum
1053 1440 1066 1456 a

167 1655 174 1672 .
236 1519 352 1635 mnan
366 1571 542 1634 auctoritate
564 1571 661 1656 Ennii,
678 1569 741 1652 qui,
753 1569 834 1652 apud
848 1569 980 1630 Gellium
993 1568 1173 1650 (XIII)
1109 1570 1173 1646 20.)
1185 1578 1219 1629 et
1226 1565 1292 1692 No·

238 1650 354 1734 biums
368 1681 396 1724 ι.
407 1683 559 1742 cupressus,
571 1661 632 1726 ita:

463 1841 580 1904 Capitibu'
590 1840 706 1890 nutantels
717 1841 787 1904 pinos
799 1848 924 1904 rectosque
935 1806 1059 1902 cupressos
1065 1857 1075 1901 3

234 1999 364 2088 quodum
386 2003 493 2064 iterum
511 1975 711 2064 conferendus
725 2014 771 2067 est
784 2023 827 2065 vs.
843 2001 1006 2065 290..-Vs
1024 2004 1195 2063 189-191.
1213 1986 1292 2061 illus'

234 2098 349 2158 trantur
365 2095 449 2156 Accii
462 2095 558 2155 verbis
579 2095 657 2176 apud
678 2095 760 2155 Non.
777 2095 814 2154 de
828 2115 890 2154 var.
911 2095 986 2174 sign.
1012 2113 1099 2153 serm.
1119 2093 1150 2174 p'.
1142 2095 1242 2156 ..307
1250 2083 1291 2172 (ιιι

235 2185 500 2270 Epinausimacbal
533 2193 553 2226 “
569 2189 682 2248 Tamen
703 2186 784 2248 haud
803 2189 932 2260 fatiscar,
953 2187 1023 2293 quin
1037 2199 1118 2247 tuam
1137 2187 1290 2266 implorem

232 2275 342 2353 fidem?
344 2281 493 2340 '·.—-Carm
507 2277 652 2344 LXXVI.
672 2301 701 2340 v.
727 2284 777 2340 20.
799 2280 961 2360 comparari
981 2279 1071 2340 debet
1092 2299 1160 2340 cum
1181 2278 1291 2339 Lucilii

232 2358 400 2454 fragmento
415 2371 496 2450 apud
507 2371 676 2432 Noniums.
689 2393 718 2433 v.
732 2383 825 2433 cotos.
846 2373 917 2433 Alia
930 2371 1015 2432 infra.
1111 2383 1116 2388 “

275 2463 350 2525 At
343 2474 535 2574 mterpretem
550 2463 659 2524 Catulli
678 2485 738 2524 non
752 2465 846 2525 solum
866 2466 1066 2524 demonstrare
1081 2471 1207 2542 oportet,
1221 2460 1294 2543 quid

232 2552 298 2662 ipse
312 2577 365 2616 suo
380 2553 499 2634 ingenio
515 2556 651 2616 debuerit
670 2564 766 2636 poeta,
782 2557 889 2636 quidve
903 2557 977 2627 aliis,
993 2556 1047 2616 sed
1066 2553 1204 2615 etiamad
1218 2575 1291 2614 con.

234 2648 330 2710 alium
344 2645 472 2708 auctoris
487 2645 643 2726 diligenter
657 2648 822 2720 attendere,
832 2660 863 2709 et
877 2648 1002 2724 cujusvis
1016 2647 1150 2708 carminis
1162 2645 1292 2706 indolem

233 2749 323 2822 atque
347 2737 498 2818 ingenium
516 2737 701 2819 perscrutari,
723 2750 757 2798 ut
781 2749 918 2799 accurate
941 2747 1113 2818 cognoscat,
1138 2757 1291 2818 quousque

233 2843 440 2912 argumentum
454 2831 518 2910 ejus
538 2841 648 2910 pateat.
692 2829 770 2891 Nam
784 2833 855 2892 satis
870 2842 996 2908 constat,
1016 2829 1046 2889 in
1060 2831 1214 2890 codicibus
1229 2849 1291 2888 car·

232 2926 311 2985 mIna
323 2923 384 3004 legi
395 2923 439 2982 ita
454 2934 588 2994 consuta,
600 2933 634 2982 ut
645 2923 766 3002 singulis
778 2924 874 2983 aliena
885 2924 1112 2995 admisceantur,
1123 2943 1180 2981 nec
1192 2933 1291 3001 partes

232 3017 295 3076 ullo
309 3035 412 3074 sensus
423 3013 538 3073 vinculo
552 3014 629 3074 inter
648 3035 680 3074 se
696 3017 923 3094 conjungantur.
966 3013 1073 3094 Neque
1088 3014 1169 3084 ordo,
1186 3028 1289 3093 quoae

231 3107 382 3186 excipiunt
407 3105 546 3174 carmina,
573 3125 592 3164 a
615 3111 705 3184 poeta
728 3106 880 3186 profectus
904 3115 959 3164 est.
1001 3105 1090 3165 Plura
1111 3105 1288 3184 fragmenta,

233 3219 322 3300 quoe
315 3197 346 3254 in
365 3195 632 3256 Grammaticorum
645 3195 726 3256 libris
745 3199 875 3278 allegata
892 3195 1173 3276 deprehendebant,
1179 3195 1291 3268 librar-'a‘

232 3285 431 3370 carminibus
422 3287 550 3370 integris
567 3271 786 3368 adscripserunt
799 3291 846 3350 vel
866 3292 905 3350 ob
926 3291 1136 3352 sententiarum
1156 3289 1290 3381 similitug

232 3381 343 3461 dmem,
353 3380 400 3442 vel
415 3381 453 3439 ob
465 3381 620 3442 verborum
633 3381 850 3462 repetitionem.
871 3384 929 3443 Vd.
945 3381 1031 3443 XIV.
1044 3385 1084 3448 27
1096 3404 1141 3463 sq.
1157 3382 1208 3444 cll.
1213 3401 1293 3451 cum

231 3463 332 3534 XVII
349 3461 396 3534 14.
416 3471 464 3544 L„
480 3473 590 3546 stalla,
612 3493 737 3578 quorum
757 3476 896 3547 nonnulla
916 3474 993 3535 mira
1004 3475 1198 3555 proferemus.
1237 3477 1286 3534 Ac

230 3565 362 3647 quamvis
387 3563 508 3644 pristlna
520 3563 614 3624 forma
638 3565 798 3626 carminum
822 3586 860 3625 ea
881 3567 994 3626 ratione
1010 3576 1214 3670 corruptorum
1226 3583 1286 3624 non

230 3659 286 3718 nisi
302 3662 471 3734 conjectura
481 3657 543 3716 erui
556 3657 656 3736 possit,
672 3657 766 3717 critici
776 3670 875 3718 tamen
887 3670 943 3730 est,
956 3658 1066 3718 indicia
1077 3657 1210 3720 facere
1187 3677 1285 3735 singu·

229 3749 324 3809 larum
349 3749 486 3830 partium.
526 3749 642 3836 Quodsi
658 3748 931 3830 Catulli'interpres
953 3749 1141 3828 conjectandi
1159 3744 1285 3808 necessi·

230 3849 294 3902 tate
308 3860 368 3902 non
387 3843 496 3903 abusus
508 3838 607 3910 fuerit,
629 3842 786 3920 aliquando
800 3853 873 3922 puto
891 3845 966 3914 fore,
979 3854 1015 3903 ut
1033 3844 1132 3922 plures
1144 3841 1284 3901 tollantur

231 3930 424 4003 difficultates,
435 3941 465 3992 et
478 3931 607 3990 carmina
617 3933 735 4010 propius
747 3934 904 4012 genuinam
919 3952 1002 3993 suam
1015 3933 1227 4012 proprietatem
1238 3949 1283 3990 rc⁴

231 4028 387 4088 ducantur.
429 4025 497 4084 Nec
511 4025 548 4084 de
571 4025 703 4084 omnibus
721 4027 807 4100 locis,
827 4047 902 4107 quos
918 4027 1051 4087 codicum
1066 4026 1182 4086 auxilio
1196 4043 1283 4105 erpe-

233 4119 297 4183 dire
310 4115 440 4200 nondum
453 4116 542 4189 licuit,
558 4119 812 4197 desperaverim!
804 4139 893 4179 rmmo
907 4120 1049 4181 credibile
1063 4131 1111 4180 est
1111 4117 1290 4198 ‚aliquando

229 4211 320 4276 libros
339 4209 445 4272 nostris
459 4210 637 4294 antiquiores
651 4223 681 4272 et
695 4201 857 4274 scribarum
871 4213 1017 4330 erroribus
1034 4213 1131 4274 minus
1139 4213 1285 4348 deprava

231 4314 277 4371 tos
290 4313 438 4384 repertum
451 4301 526 4363 ιιι.
