2909 4959
235 361 282 430 66

474 360 773 430 c.vnnnn11
803 356 1046 429 ceruum

365 546 524 614 Habebat
538 545 631 613 uncti
644 552 681 613 ct
694 544 815 613 ultimo
830 546 1031 613 Britannis?
1056 584 1064 599 ν.

363 654 502 723 Cinaede
515 654 674 737 Romule,
688 658 761 723 haec
774 652 956 723 videlieet
968 652 1055 723 feres
1066 660 1100 719 1·
1265 658 1286 721 5

364 766 412 831 Es
427 765 627 854 impudicus,
643 773 679 832 et
695 789 812 844 vorax,
828 776 863 833 ct
876 764 964 833 cleo.
1020 809 1023 817 ·

361 876 408 943 Et
418 875 479 941 ille
493 898 582 943 nunc
596 878 761 965 superbus
775 885 810 943 et
825 877 1033 964 superfluens

361 985 617 1052 Perambulcbit
631 987 779 1052 omnium
792 987 928 1066 cubilia,

362 1095 412 1163 Ut
431 1096 567 1163 albulus
582 1096 766 1175 columbus,
780 1106 839 1165 aut
852 1098 1035 1165 Adoneus?

264 1297 289 1342 4.
307 1292 410 1342 Habebat
425 1298 496 1343 omnis
511 1296 598 1344 Mutet.
617 1303 700 1344 cumo
716 1296 829 1359 Scaliger,
845 1299 906 1346 uude
923 1298 976 1360 ipse
998 1298 1101 1347 restituit
1121 1306 1224 1347 uinctum.
1256 1300 1283 1346 ln

231 1358 323 1406 11880.
339 1360 409 1406 sulii
420 1369 470 1407 eret
479 1361 531 1407 eom
542 1367 572 1417 te,
582 1362 643 1407 unde
656 1362 758 1407 Faernus
769 1362 903 1410 acutissime
914 1364 1035 1411 revocerit
1046 1366 1116 1411 unco.

263 1425 288 1471 5.
305 1423 355 1471 Hoc
363 1425 445 1472 videtis
455 1425 541 1472 Heius.
550 1424 575 1472 in
586 1431 634 1472 not.
644 1426 674 1471 ed
684 1425 771 1473 catull.

264 1490 289 1535 6.
307 1488 430 1549 Expunxit
441 1490 502 1537 bunc
514 1490 651 1536 versiculum
662 1488 774 1546 Vossius,
791 1506 859 1550 quem
875 1490 899 1537 in
915 1492 982 1539 libris
998 1492 1090 1539 Mssc.
1107 1492 1190 1539 obesse
1217 1498 1285 1539 rscter

232 1551 342 1599 Vossium
350 1559 465 1601 testantur
472 1554 577 1615 Sceliger
583 1561 607 1601 et
614 1552 691 1600 editor
697 1555 902 1615 Gmtubrigieusir.
919 1556 1179 1605 Exslettemeninedit.
1217 1557 1284 1617 ryph.

231 1617 320 1664 Mutet.
331 1616 412 1682 Graer.
423 1623 448 1664 et
461 1618 522 1673 eliis,
538 1633 581 1663 nec
598 1614 692 1665 turbere
705 1618 753 1664 irno
769 1620 864 1679 egregie
879 1636 928 1669 rem
945 1627 971 1667 et
981 1621 1115 1677 orationem,
1127 1636 1180 1669 meo
1192 1621 1285 1683 quidem

232 1696 311 1737 sensu,
318 1680 404 1743 juvere
410 1680 512 1728 ridetur.
521 1680 762 1741 cimsmfluemllsrtlr.
771 1684 801 1729 od
812 1683 895 1731 cloud.
903 1685 927 1731 iu
935 1686 981 1732 1v.
990 1686 1086 1732 consul.
1095 1684 1186 1733 Honor.
1197 1701 1221 1733 v.
1231 1688 1285 1736 139.

263 1749 288 1793 9.
305 1745 396 1801 Murci,
407 1744 496 1807 Scelig.
507 1751 531 1791 et
542 1745 601 1790 sut.
614 1746 702 1792 MSSC.
714 1746 816 1793 offerunt
824 1756 865 1794 aut
875 1749 966 1797 idemus
976 1756 1061 1812 preter
1070 1765 1149 1807 nuum,
1159 1750 1184 1797 in
1195 1765 1241 1810 quc
1250 1758 1285 1799 est

230 1817 273 1857 out
282 1809 387 1874 ydorceus,
398 1810 459 1855 unde
469 1817 534 1856 recle
545 1824 560 1855 s
569 1808 645 1856 Statio
656 1816 680 1856 ct
690 1809 809 1869 Scnligcrc
818 1810 879 1859 houd
888 1814 958 1861 dubie
969 1814 1068 1875 genmns
1078 1820 1159 1862 nostro
1170 1814 1284 1863 vindicet·

230 1880 267 1920 est
276 1872 349 1921 lectio
358 1880 399 1921 out
410 1872 521 1929 Adoneus,
531 1888 575 1933 pro
590 1890 637 1933 qno
647 1873 717 1919 nimis
726 1874 847 1934 ingenioso
859 1878 909 1923 vult
920 1878 1021 1927 Vossius
1037 1878 1155 1926 Aidoneso.
1170 1878 1194 1926 in
1205 1886 1284 1927 vetus-

229 1936 329 1985 tioribus
340 1938 478 1998 quibusdem
488 1944 569 1983 contre
578 1936 648 1984 metri
658 1936 772 1985 rationem
782 1938 920 1999 legiensem
932 1940 1044 1991 Dicaeus.
1061 1942 1147 1989 Heius.
1160 1942 1184 1989 in
1196 1950 1244 1992 not.
1254 1946 1283 1993 ed

229 2002 316 2051 Getull.
327 2002 387 2049 vult.
405 2000 437 2051 Ut
443 2002 532 2051 albulus
540 2000 680 2049 edentulus
688 2000 797 2060 Dicerem,
808 2004 850 2051 sed
861 2004 896 2051 sio
906 2005 996 2067 legeret
1002 2010 1051 2069 jem
1060 2008 1174 2055 Muretus.

227 2168 309 2215 borch.
323 2170 353 2215 ed
373 2168 417 2215 Sil.
434 2169 489 2215 lul.
500 2168 530 2216 V.
543 2170 599 2215 264.
616 2174 640 2215 et
651 2170 731 2215 Groev.
775 2176 860 2238 *tantur
870 2170 1018 2233 interpretes,
1030 2174 1074 2220 sed
1083 2171 1173 2221 divitiis
1185 2179 1210 2221 et
1220 2173 1282 2222 omni

229 2240 282 2287 cic.
301 2242 331 2287 sd
349 2243 395 2302 Ep.
413 2240 443 2307 sd
461 2242 518 2288 Dis.
535 2240 593 2288 vll.
612 2242 652 2288 29.
672 2240 731 2302 quod
781 2256 859 2290 rerum
870 2244 938 2305 copis
948 2246 978 2292 sd
989 2245 1098 2307 quenlibet
1114 2261 1157 2307 prc
1173 2246 1244 2293 enimi
1253 2246 1282 2294 li·

227 2314 294 2360 smeti
310 2312 412 2367 mutae,
428 2312 604 2372 quibuscunque
623 2312 731 2358 benicet
781 2313 860 2362 bidine
884 2316 1029 2377 impetrando
1053 2316 1172 2365 abundans
1195 2324 1219 2367 et
1245 2317 1279 2365 iu·

153 2404 157 2414 ·
226 2384 365 2433 lautioribus
379 2385 451 2431 rebus
470 2385 595 2445 gaudebat,
612 2384 644 2431 of.
664 2398 730 2443 supr·
781 2392 893 2442 structus,
904 2396 931 2435 ut
946 2395 1084 2450 sppmetcx
1101 2390 1207 2437 institute
1217 2406 1279 2437 oom-

228 2458 259 2503 erl
269 2457 346 2503 cerm.
357 2457 394 2503 X.
408 2460 447 2503 11.
468 2456 560 2503 Cornuto
572 2456 651 2503 Gallio
662 2456 732 2503 intel·
780 2459 901 2519 paratione
912 2461 936 2506 in
948 2476 1010 2509 rere.
1022 2464 1043 2509 9.
1051 2461 1105 2509 hinc
1116 2476 1233 2525 arrogans,
1241 2465 1277 2509 in·

226 2528 309 2589 ligitur
319 2527 731 2589 Gelliecmnis'l'renselpinopraeler
780 2530 858 2586 solens,
874 2530 1009 2595 ὑπερφίαλος.
1034 2534 1206 2595 ρππῳὸυὶαὺἰι,
1226 2548 1277 2595 gre·

229 2601 404 2647 Narbonensem
410 2600 564 2660 provinciam,
573 2604 599 2644 ut
609 2599 634 2644 in
644 2600 730 2659 vulgus
780 2600 850 2663 phlce
861 2617 903 2664 pro
915 2606 1064 2661 conscendet,
1076 2606 1173 2666 polluet.

228 2679 316 2719 notum.
332 2672 415 2719 ultimo
429 2671 554 2719 Britannia
569 2671 599 2718 ol.
612 2671 642 2717 sd
653 2672 730 2719 cnm.
813 2679 837 2724 9.
856 2674 889 2723 Ut
902 2676 972 2723 allel.
986 2678 1028 2725 eol.
1042 2678 1172 2733 outAdon.
1182 2686 1280 2741 utruque

228 2742 277 2791 x1.
290 2749 329 2791 11.
780 2747 923 2807 comparatio
931 2750 1013 2795 noncd
1024 2749 1154 2807 libidinem,
1167 2750 1202 2812 [iu
1210 2750 1278 2797 laude

261 2820 286 2865 5.
305 2816 394 2865 Cinecle
404 2818 508 2865 Romule.
530 2818 645 2865 Romulus
661 2832 731 2865 roco·
779 2818 840 2865 enlm
856 2820 936 2879 potius
955 2826 992 2867 est
1007 2820 1162 2869 columborum
1177 2822 1279 2871 euslitus.

227 2898 267 2935 tur
278 2888 356 2937 Julius
366 2889 445 2938 Caescr
455 2891 495 2938 vel
504 2891 529 2935 in
542 2891 675 2938 universum
685 2905 730 2950 pro
780 2892 889 2954 Propert.
896 2892 932 2939 11.
945 2894 983 2941 15.
996 2895 1036 2942 et.

229 2960 731 3024 Romano,usgensnomuu,teum1eomou,

127 3033 129 3036 ’
228 3033 267 3081 vel
286 3034 341 3093 quin
350 3034 436 3081 virtute
454 3033 539 3079 bellice
555 3048 622 3093 seque
639 3049 666 3079 sc
682 3036 731 3083 Ro-

228 3106 304 3153 mulus
320 3106 351 3151 de
367 3105 443 3165 petrin
458 3111 587 3163 mernerct3
604 3105 635 3152 de
645 3104 730 3158 virtute

228 3176 644 3223 bellicsenimnihildetnehilccessri
652 3177 730 3239 poete,

227 3247 274 3295 imo
291 3264 343 3296 eum
359 3255 428 3295 vocet
447 3250 601 3309 imperatorem
617 3250 712 3295 numum
720 3266 730 3307 ,-

228 3336 257 3367 eo
275 3321 371 3383 gessius
393 3321 488 3368 edditur
509 3321 607 3367 moedus
625 3322 657 3367 ob
678 3337 729 3369 sns-

226 3400 318 3455 peotem
330 3392 522 3441 cousuetudinem
538 3408 590 3439 cum
602 3394 729 3451 Mamurra,

227 3482 365 3529 quemquam
371 3470 419 3529 jam
430 3466 568 3513 Nicomedis
577 3467 728 3515 contubernio

227 3548 314 3589 aeternn
329 3542 378 3587 fere
390 3539 512 3604 pudicitie
527 3542 579 3601 ejus
590 3540 681 3586 mocula
692 3540 728 3586 in·

227 3617 281 3660 uste
290 3615 376 3673 lueret3
392 3612 454 3659 unde
465 3612 588 3660 notissime
602 3612 645 3658 ills
654 3613 728 3660 centi-

226 3685 294 3733 leno:
312 3686 400 3733 Gellius
413 3685 487 3732 Caesor
497 3686 591 3748 subegit,
601 3684 728 3732 Nicomedes

229 3756 343 3803 omem.
353 3756 402 3804 vid.
414 3758 479 3803 Suet.
488 3760 548 3804 Gaes.
558 3756 655 3803 xnlx.
672 3758 728 3803 Mu·

226 3833 292 3874 retus
303 3834 328 3873 et
344 3828 396 3874 Jun.
414 3828 497 3874 Dcusn
510 3827 535 3872 in
549 3828 626 3873 Praec.
636 3842 657 3872 c.
668 3830 692 3875 3.
702 3828 728 3874 in

227 3894 386 3959 contemptum
413 3897 500 3959 potius¹
521 3897 629 3944 Romulos
652 3898 728 3946 dictos

226 3970 301 4027 fuisse
314 3970 395 4017 volunt
412 3984 461 4025 ece,
481 3970 521 4031 qni
542 3969 636 4018 Romulo
650 3977 728 4018 essent

226 4040 395 4100 dissimillimi3
408 4042 432 4087 in
444 4057 539 4102 qnorum
551 4041 727 4089 sententiantes.

227 4112 352 4162 Gortiosed
362 4114 457 4161 Sellnet.
469 4114 493 4160 in
505 4113 590 4176 Lepid.
601 4115 693 4179 Fregm.
701 4132 727 4179 p.

226 4188 284 4237 93⁷.
301 4191 324 4236 6.
335 4186 503 4249 Erimpudieos.
511 4188 727 4247 Sihoopctesserre

227 4265 252 4307 et
263 4260 352 4317 ridere,
363 4260 454 4322 tuipse
464 4276 491 4308 ee
507 4260 651 4321 impudicus,
659 4253 709 4310 cet.

257 4335 283 4381 7.
300 4332 443 4398 Supefiuens
452 4348 497 4383 non
507 4332 614 4393 libidine,
622 4339 724 4396 utergu-

796 3002 999 3123 Eneznymucctoe
1009 3006 1048 3053 tili
1057 3014 1110 3054 sunt
1120 3008 1144 3054 in
1154 3022 1228 3055 ansere
1240 3024 1273 3057 ce·

856 3094 870 3122 ¹⁴
925 3114 932 3134 e

796 3149 913 3199 Masculus
923 3158 945 3199 et
954 3150 1120 3217 totumfemino
1127 3154 1275 3217 conjugium]

780 3248 821 3293 sed
834 3248 863 3295 ul
874 3254 994 3297 externum
1004 3249 1150 3309 splendorem
1159 3257 1184 3297 et
1194 3266 1276 3311 snper·

779 3319 841 3367 biom
851 3320 971 3368 referende
981 3321 1082 3376 videtur,
1097 3323 1278 3381 quotenus'Mo·

778 3408 856 3440 murro
866 3394 970 3455 quolibet
981 3396 1167 3441 ornamentorum
1184 3404 1208 3441 et
1226 3396 1276 3457 pig-

778 3474 906 3514 mentorum
918 3466 1277 3528 genereccndecoretunmulier-

779 3540 880 3587 cularum
898 3539 979 3585 oculos
994 3539 1159 3600 prestringerc
1173 3546 1197 3586 et
1214 3553 1277 3595 curo,
1322 3594 1329 3607 ·

779 3612 850 3672 quod,
872 3618 898 3658 ut
916 3612 1048 3659 Venusinus
1067 3612 1098 3658 de
1115 3613 1195 3658 Donec
1207 3611 1276 3667 osuit,

779 3684 858 3729 medios
874 3684 907 3728 ire
923 3692 983 3730 amat
997 3698 1038 3744 per
1056 3684 1168 3739 satellites,
1184 3684 1276 3731 facilem

781 3768 899 3801 secessum
910 3753 956 3803 eibi
964 3770 1047 3816 perure
1059 3757 1157 3803 solebat.
1181 3755 1279 3803 Albulas

780 3826 892 3873 columbus
901 3832 937 3873 est
945 3828 1051 3887 pulcher,
1062 3829 1102 3890 qni
1113 3830 1192 3889 plecet
1202 3830 1232 3875 ob
1241 3844 1280 3875 oo·

779 3898 862 3953 locem,
878 3904 905 3945 ut
923 3899 1004 3947 Adonis
1020 3900 1049 3946 ob
1065 3908 1185 3948 externum
1200 3902 1279 3947 lormae

780 3970 1005 4032 rpcoiemplsccbet.
1021 3972 1127 4019 Adoneus
1134 3974 1181 4035 prc'
1188 3972 1279 4029 Adonis,

780 4048 806 4088 nt
824 4043 885 4103 opud
902 4042 979 4091 Pleot.
996 4043 1138 4091 Momm.
1156 4045 1176 4090 1.
1197 4049 1220 4093 2.
1238 4044 1278 4093 ³5.

780 4114 820 4160 Sic
829 4110 946 4181 Achilleus
954 4130 999 4177 pro
1011 4115 1117 4171 Achilles,
1129 4112 1222 4163 Ullusue
1235 4130 1278 4176 pro

783 4184 865 4233 Ulixes.
881 4202 927 4234 nou
943 4188 1013 4235 video
1032 4188 1115 4249 igitur,
1131 4202 1175 4234 our
1192 4188 1217 4233 in
1234 4186 1277 4232 hcc

778 4258 831 4305 loco
853 4266 900 4305 tom
920 4260 1091 4323 interpretando
1113 4274 1182 4321 quern
1205 4258 1279 4306 corri-

779 4331 855 4391 gendo
866 4332 924 4381 sdeo
936 4348 962 4381 ee
973 4334 1084 4383 torserint
1092 4332 1239 4393 interpretes.
