2909 4959
414 672 417 683 =
516 612 969 736 rnnnnrro.

635 933 851 1017 *⁴*ss-
927 950 931 959 ·

217 1148 415 1271 Quamvis
426 1184 465 1253 ,in
480 1206 568 1251 more
582 1184 727 1273 positum
742 1196 804 1263 est,
819 1196 868 1264 ut,
884 1186 988 1273 quiin
1003 1188 1104 1253 altera
1117 1188 1192 1262 libri
1207 1212 1266 1255 cu·

211 1299 355 1388 jusdam,
372 1320 470 1385 quem
485 1296 668 1373 ediderunt,
684 1298 782 1363 Parte
802 1298 988 1385 praedantur,
1004 1298 1148 1364 animum
1165 1300 1268 1388 inpri-

214 1410 277 1475 mis
299 1411 341 1473 ad
356 1432 405 1484 ea,
421 1430 494 1495 quae
514 1408 595 1473 Pars
611 1409 699 1495 prior
714 1418 848 1496 experta
862 1419 913 1475 est
923 1408 1062 1496 judicia,
1080 1412 1261 1488 advertant,

215 1531 258 1597 et,
274 1544 347 1608 quae
361 1520 525 1607 iniquiora
537 1520 607 1586 visa
629 1532 716 1598 sunt,
731 1522 878 1587 refellere
898 1531 997 1609 atque
1013 1522 1137 1587 diluere
1152 1522 1263 1589 stude·

215 1642 290 1711 ant3
313 1653 428 1697 causas
449 1640 568 1706 tamen,
584 1652 642 1695 our
661 1632 814 1719 equidem
829 1632 871 1696 ab
886 1632 951 1697 hoc
966 1654 1055 1698 more
1069 1632 1262 1709 recederem,

213 1741 314 1831 habui
336 1742 482 1806 idoneas.
520 1741 612 1806 Nam
637 1744 725 1829 quod
742 1753 830 1823 recte
851 1743 894 1808 ab
914 1765 1010 1831 aequo
1023 1744 1137 1834 judice
1151 1766 1263 1809 mone-

213 1862 267 1917 tur
280 1836 317 1917 et
329 1852 592 1939 reprehenditur,
597 1854 634 1917 id
647 1876 669 1919 a
680 1853 844 1941 quolibet,
855 1854 914 1941 qui
927 1876 996 1919 non
1010 1854 1061 1918 sui
1081 1876 1191 1918 amore
1204 1850 1263 1919 ob-

213 1972 354 2031 cecatus
379 1972 440 2038 est,
461 1974 553 2051 grato
577 1964 687 2029 animo
708 1964 910 2051 agnoscitur,
934 1974 970 2029 et
986 1965 1087 2030 tacite
1108 1965 1144 2029 in
1166 1986 1261 2029 usum

213 2074 433 2151 convertitur;
456 2075 545 2160 quod
560 2096 640 2145 vero¹
652 2097 673 2138 a
684 2096 820 2143 censore
839 2073 1065 2161 supercilioso,
1077 2074 1125 2139 nil
1135 2074 1201 2139 nisi
1213 2072 1260 2139 vi·

170 2170 172 2175 '
212 2185 260 2250 tia
272 2185 423 2259 rimante,
443 2184 523 2249 ficte
534 2184 672 2249 subinde
688 2195 853 2272 crepante,
869 2194 903 2250 et
917 2186 958 2250 de
969 2185 1022 2261 iis,
1041 2208 1114 2272 quae
1133 2208 1153 2249 a
1164 2207 1263 2257 sensu

212 2295 389 2383 cujuslibet
403 2296 558 2381 pendent,
574 2318 694 2385 magna
714 2320 789 2361 cum
803 2276 927 2361 fiducia
940 2296 1178 2383 pronunciante
1191 2306 1263 2360 stu·

212 2402 304 2471 diosa
321 2415 354 2471 et
368 2414 484 2493 praeter
497 2406 640 2501 modum,
647 2408 790 2495 carpitur
804 2418 839 2474 et
851 2407 1036 2495 sugillatur,
1052 2407 1097 2483 id,
1113 2430 1191 2472 cum
1203 2430 1263 2473 ne.

210 2540 264 2583 mo
282 2516 351 2583 sine
365 2517 641 2605 praevaricationis
655 2518 843 2606 suspicione
858 2518 893 2583 in
907 2542 1007 2583 causa
1020 2542 1080 2583 sua
1086 2519 1194 2606 judex
1209 2541 1260 2583 se·
1275 2572 1280 2586 ι

211 2630 297 2705 deat,
313 2630 436 2725 rectius
447 2652 570 2706 eorum,
587 2631 643 2723 qui
661 2631 725 2719 ipsi
739 2623 1090 2727 inbhis'rebusjrlident,
1106 2627 1277 2719 relinqui-¹

209 2752 262 2807 tur
281 2740 426 2806 arbitrio.
470 2738 562 2806 Nihil
584 2742 685 2829 igitur
705 2742 822 2817 habeo,
838 2742 928 2829 quod
944 2742 978 2805 in
993 2741 1104 2806 limine
1125 2740 1259 2807 alterius

210 2852 329 2929 Partis,
345 2876 418 2940 quae
435 2851 588 2917 Carmina
610 2847 734 2917 Catulli
752 2850 910 2939 Elegiaca
923 2852 1082 2927 continet,
1096 2836 1278 2927 moneam,¹

208 2964 272 3029 nisi
288 2973 326 3031 ut
340 2962 492 3050 aperiam,
509 2986 647 3050 quorum
662 2963 842 3050 diligentiae
857 2963 990 3052 accepti
1005 2964 1166 3030 referendi
1181 2973 1258 3028 sunt
1278 2979 1280 2982 ’

209 3074 350 3159 subjecti
367 3073 509 3137 Indices.
554 3072 700 3139 Priorem
717 3075 877 3161 quidem
864 3098 898 3139 m
914 3074 1096 3140 Contentum
1113 3074 1267 3142 confecit

206 3183 382 3248 JOANNES
404 3182 637 3247 Farnamcus
662 3182 852 3263 Sranunn,
878 3183 1048 3262 Got,dunus
1063 3194 1098 3251 at
1119 3181 1281 3273 posteri-

208 3316 279 3359 ores
296 3290 471 3371 Nominum,
485 3292 602 3358 Rerum
614 3306 643 3359 et
657 3295 689 3359 in
700 3295 798 3361 Notus
808 3297 1007 3363 Hernicus
1018 3297 1256 3362 Fanncrscus

145 3398 155 3411 ”
207 3405 440 3474 Furunnrcus
456 3406 871 3483 Lnunnrr11,Cctlensis;
886 3403 1256 3500 quidquuvenescum
1278 3395 1284 3482 ζ
1366 3393 1368 3399 ’

206 3517 313 3594 laude,
329 3540 404 3604 quae
423 3516 457 3580 in
479 3518 611 3605 optimae
624 3528 713 3585 notae
737 3520 918 3607 discipulos
932 3519 1034 3595 cadit,
1047 3518 1202 3593 maxima,
1219 3524 1254 3581 et

206 3651 281 3695 cum
297 3651 365 3716 spe,
381 3630 534 3716 quamde
554 3632 672 3697 studiis
688 3631 883 3707 excitarunt,
902 3628 1085 3706 laetissima,
1106 3638 1183 3695 ante
1197 3650 1253 3693 an·

206 3760 285 3801 num
304 3760 321 3801 e
339 3738 514 3825 discipline
535 3752 648 3807 nostra
669 3741 814 3831 egressi,
828 3764 918 3807 nunc
941 3740 1069 3807 altioris
1094 3739 1252 3805 doctrine

206 3846 324 3914 studiis
339 3870 483 3913 severam
498 3870 629 3935 operam
645 3862 766 3917 navant
780 3852 815 3917 in
831 3852 1011 3919 Academia
1033 3850 1180 3927 Jenensi,
1194 3847 1286 3913 ibi

206 3979 271 4044 que
292 3956 327 4019 in
346 3955 408 4031 via,
424 3979 489 4044 qun
508 3960 549 4023 ad
564 3982 672 4025 veram
695 3963 858 4050 gloriam
850 3972 925 4037 rtur,
947 3972 1079 4027 strenue
1101 3968 1251 4052 pergunt.

206 4065 394 4137 Scribebam
411 4066 529 4135 Gothae
545 4068 698 4139 Calendis
719 4072 849 4141 Martiis
868 4094 1066 4141 unccxcu.

815 4282 852 4349 F.
875 4285 916 4351 G.
940 4277 1166 4352 DOERING.
