2909 4959
216 375 267 466 m
392 377 1138 510 sulmontin‘ouuunuunoo

217 576 409 646 vehementer
429 561 525 643 ιιιῐιὸι.
555 575 825 664 Elegn'ntlssimutn
847 587 895 639 'est
915 588 1047 650 carmen,
1066 577 1104 638 e't
1121 577 1281 682 preclaris

216 677 372 738 sententiis
386 675 554 738 affectiones
568 673 658 734 animi
673 691 708 732 ae
724 670 816 733 dolm
822 673 930 754 perfidi
949 671 1141 734 moriatur
1142 670 1281 750 egregie

217 771 434 843 deseribuntur,
450 780 483 828 ut
496 787 584 828 nemo
598 786 663 828 non
684 767 803 840 sentiat,
827 767 963 826 ultimum
984 781 1111 838 versem,
1132 765 1283 842 udquem·

218 861 352 924 Catullus
365 861 454 941 totius
466 859 606 921 carminis
627 878 772 920 summam
786 861 897 922 referre
909 861 996 932 solet,
1015 859 1097 920 haud
1109 877 1210 940 parum
1222 857 1277 916 fri

214 973 297 1034 gere.
339 935 446 1016 Multo
460 952 555 1034 magis
573 961 706 1032 augetur
721 953 848 1035 languor
866 959 987 1034 'reoeptn
1004 948 1126 1013 meliore
1145 950 1274 1012 leetiono

214 1045 319 1128 prioris
340 1067 451 1108 versus.
492 1047 560 1108 Nee
579 1057 643 1107 erat
665 1047 807 1108 Catullo
798 1067 852 1119 rra,
873 1048 927 1108 sed
942 1046 1030 1106 animi
1017 1045 1203 1126 egritudo,
1218 1065 1276 1124 qua

215 1139 341 1200 amicum
353 1151 496 1214 moveret,
514 1140 730 1211 assentorium
752 1141 891 1222 queritur
910 1140 1077 1220 perfidiam,
1097 1160 1156 1200 nec
1176 1148 1276 1199 ιιιιιιειι

216 1232 291 1293 deos
305 1233 451 1314 implorat,
463 1245 499 1294 ut
510 1234 622 1294 ultores
629 1233 729 1295 forent
739 1235 856 1295 violntoe
866 1234 947 1306 tidel,
963 1253 1051 1314 quam
1061 1233 1276 1294 restituendam

216 1325 282 1404 ipse
296 1345 406 1407 cupere
420 1327 536 1388 videtur
549 1331 626 1409 Qum
646 1335 673 1386 te
690 1327 733 1386 nil
741 1327 874 1405 miseret).
895 1328 932 1386 ln
945 1326 1052 1388 codice
1071 1327 1188 1387 Mureti
1201 1325 1274 1406 opti·

217 1437 274 1478 mae
288 1429 368 1478 notoe
388 1419 542 1498 legebatur
555 1419 613 1489 ita3
634 1417 667 1478 Si
690 1421 890 1492 mollitum,
911 1427 941 1478 αι
956 1417 987 1478 di
1007 1420 1157 1491 mensium,
1176 1429 1208 1478 ot
1221 1440 1275 1477 me·

217 1512 297 1572 ntiuit
315 1513 415 1572 Fides:
428 1512 517 1592 quod,
539 1523 681 1594 quantum
697 1511 846 1591 elegantia
859 1524 891 1572 et
912 1510 1058 1591 gravitate
1077 1522 1200 1591 praestet
1213 1512 1274 1570 vul-

215 1615 294 1686 sm
304 1605 439 1686 hutini,
448 1606 634 1670 bononense
646 1606 688 1668 vir
703 1607 819 1670 doctus.
846 1605 1009 1687 (Guarinus
1023 1606 1054 1664 in
1067 1605 1145 1666 notis
1158 1605 1200 1665 ad
1212 1605 1243 1664 h.
1253 1606 1276 1678 l.

218 1697 353 1758 tumore
373 1699 494 1762 mest
510 1699 557 1776 F.)
600 1698 737 1764 oraton
756 1718 828 1763 uero
848 1709 910 1760 tam
922 1697 1025 1777 ‚gravi
1037 1715 1099 1762 non
1119 1696 1276 1776 adjecisset

213 1797 306 1872 poita
325 1813 383 1880 que
401 1802 429 1852 te
436 1817 449 1861 ,·
473 1793 577 1854 saltem
591 1791 711 1854 dixisset
727 1800 817 1870 teque.
860 1790 921 1852 Sed
937 1788 1075 1870 displicet
1098 1788 1190 1861 etiam
1209 1809 1271 1849 ver-

217 1885 324 1944 borum
339 1892 489 1946 structura
501 1885 609 1944 ιε’-ιιι.
629 1882 777 1962 Equidem
791 1903 910 1944 sensum
920 1889 1027 1963 poetae,
1049 1902 1109 1962 quo
1124 1880 1195 1940 nihil
1209 1900 1272 1939 sua·

217 1976 282 2036 vius
296 1995 361 2037 esse
375 1985 484 2057 potest,
502 1975 666 2050 restituisse
679 1975 750 2038 mihi
763 1975 865 2041 videor
881 1986 1018 2038 correcta
1037 1973 1274 2056 interpunctione

216 2079 249 2130 at
261 2069 409 2134 leuissima
420 2071 582 2134 mutatione
597 2069 749 2138 adhibite:

333 2213 338 2224 n
397 2253 424 2302 Si
435 2259 464 2302 ta
473 2253 560 2304 oblito·
570 2269 608 2310 es,
618 2251 656 2316 (ut
665 2253 692 2304 ut
704 2251 841 2310 meminere,
851 2259 876 2301 at
886 2250 993 2300 meminit
1003 2249 1092 2317 Fides)

397 2329 467 2391 Qum,
478 2334 503 2378 to
511 2335 538 2381 ul
545 2329 660 2390 poeniteat
670 2330 795 2395 postmodo
804 2329 869 2387 laeti,
880 2329 975 2386 facient,
986 2329 1034 2378 tui?

217 2480 334 2550 Quodsi
348 2493 381 2542 tu
398 2479 464 2544 hoec
482 2480 590 2554 omnis,
605 2487 657 2541 tue
670 2477 751 2540 dicta
763 2480 913 2560 factaque,
927 2491 960 2542 et
969 2499 1100 2541 amorem
1113 2495 1211 2540 meum
1222 2481 1273 2540 ob·

216 2575 286 2636 litus
307 2594 352 2650 es,
370 2593 438 2655 quoe
461 2574 583 2636 taudem
607 2583 639 2634 te
663 2575 836 2645 movebunt,
858 2584 891 2633 ut
912 2585 944 2632 te
961 2573 1102 2652 poenitent
1114 2572 1185 2632 fecti
1197 2571 1275 2631 tus*

219 2669 320 2736 Quum
333 2687 404 2728 vero
417 2673 508 2748 poeta
521 2664 674 2727 oblivionis
686 2666 868 2726 mentionem
882 2666 1013 2738 fecisset,
1028 2667 1155 2744 grauiter
1165 2665 1274 2744 adjeoit

215 2761 307 2821 verba
327 2769 358 2819 ut
380 2757 410 2820 at
432 2759 582 2834 minitere,
605 2769 636 2820 ot
663 2760 784 2820 meminit
807 2759 898 2819 Fides.
940 2759 1080 2820 Similiter
1098 2760 1183 2866 Virg
1208 2759 1274 2822 AEn.

215 2853 362 2923 lmese

444 3008 476 3056 Αι
486 3013 579 3071 sperate
590 3007 648 3056 deos
660 3021 776 3056 memores
786 3006 850 3055 noui
861 3009 932 3069 utque
944 3007 1045 3054 nefandi.

577 3195 627 3256 Ad
647 3194 747 3259 Caum.
767 3193 921 3256 XXXIII.
989 3164 992 3171 Ι

491 3335 534 3398 Vs.
546 3353 570 3408 3,
582 3351 607 3398 4.
623 3349 685 3398 Nam
695 3349 780 3398 dextra
791 3357 859 3413 pater
868 3351 1033 3413 inquinatiore,

609 3426 670 3476 colo
678 3425 741 3476 filins
752 3434 789 3476 est
796 3428 926 3478 torosiore.

214 3553 386 3674 lnquinates
407 3561 466 3625 diei
485 3583 572 3646 posse
590 3583 704 3638 manus,
727 3566 811 3646 quasi
832 3567 931 3627 multis
948 3567 1034 3628 furtis
1057 3569 1195 3648 pollutas,
1212 3589 1272 3629 non

213 3659 402 3738 negaverim,
425 3657 480 3718 sed
502 3657 561 3718 hoe
585 3658 654 3719 loco
677 3657 797 3719 minime
820 3668 889 3740 apta
908 3659 1026 3720 ridetur
1047 3660 1099 3721 illa
1117 3663 1271 3723 verborum

213 3746 399 3844 eompositio,
414 3750 462 3811 eui
482 3761 640 3831 sequentes
654 3770 757 3812 versus
782 3756 814 3812 6.
832 3753 912 3816 et't'
925 3752 1106 3834 respondent
1124 3756 1216 3832 patris
1230 3775 1271 3814 ra·

209 3847 292 3924 piae,
305 3838 384 3903 uates
397 3845 502 3920 pilose.
543 3842 724 3905 Jamdudum
738 3844 944 3924 corrigendum
966 3848 1046 3907 hunc
1060 3847 1160 3907 locum
1173 3843 1268 3927 putavi

212 3938 265 4012 itu,
279 3946 312 3998 ut
324 3935 456 3998 membra
468 3956 603 3997 uersuum
615 3936 823 4016 diruptorum
809 3949 1023 4018 jungerentur:
1129 3951 1132 3956 ·

526 4116 588 4164 Nam
597 4116 682 4165 dextra
690 4124 758 4179 puter
766 4124 804 4166 est
813 4117 940 4176 voracium,

524 4193 584 4240 Culo
597 4192 659 4241 lilius
670 4193 834 4256 inquinatiore.

206 4311 324 4393 'i‘ostea
336 4347 374 4391 ex
386 4324 425 4395 L.
441 4328 588 4392 Carrionis
599 4329 690 4409 antiq.
704 4329 773 4393 leet.
787 4331 915 4394 eonnt.
928 4332 953 4393 1.
968 4351 996 4394 e.
1012 4336 1063 4395 16.
1075 4331 1212 4412 cognovi,
1224 4331 1264 4392 ito
