2909 4959
338 377 1094 478 ossuuvxrrounscur'rrcn.
1185 377 1241 468 Ιζιι

186 569 279 644 tabat.
307 579 482 646 (irretierunt
496 595 550 648 uati
560 585 643 646 verbi
656 547 997 668 πατρῷοςριοιιιιιιιοιι
1006 586 1086 648 licet.
1113 579 1241 655 'Deinde

184 673 258 734 nihil
271 675 439 755 languidius
453 677 512 739 dici
523 679 633 759 potuit,
637 693 737 762 quam
751 691 851 738 versus
863 677 906 736 illi
920 696 988 736 cnm
999 679 1186 740 antecedenti
1198 679 1241 740 itt

187 767 355 846 conjuncti:

447 909 527 970 Quare
537 911 598 960 habe
607 911 660 967 tibi,
672 912 785 974 quidquid
790 904 840 961 boc
852 910 984 968 libelliest,

336 1046 340 1052 ι
446 989 621 1050 Οιιιιοοιιιιιιιιε,
634 991 705 1052 quod,
718 1006 732 1036 o
743 995 841 1050 patrona
851 989 929 1051 virgo,

445 1065 562 1114 Plneunc
573 1073 664 1115 maneat
675 1083 775 1129 perenne
787 1067 859 1114 seclo.
895 1061 898 1066 ’

187 1212 267 1295 quod
282 1211 407 1276 Statium
425 1217 493 1290 jure
511 1215 676 1288 commovit,
694 1226 728 1275 ut
741 1215 854 1294 aliquid
867 1214 972 1278 deesse
991 1227 1135 1277 censeret.
1175 1217 1242 1280 De·

185 1302 275 1382 nique
289 1323 358 1364 vero
377 1304 478 1386 inepta
498 1305 573 1384 adeo
594 1306 664 1380 mihi
682 1306 836 1366 ridebatur
855 1306 960 1379 oratio,
981 1319 1015 1372 ut
1032 1309 1091 1368 hoc
1111 1327 1240 1382 carmen,

185 1396 418 1475 quotiescunque
428 1397 693 1478 legerem,semper
704 1396 1039 1468 mihiexcituretrisum.
1061 1400 1240 1480 Etpoiitam‚

184 1499 273 1548 antea
291 1489 329 1548 de
349 1489 450 1568 lepido
464 1509 518 1550 suo
537 1489 638 1550 libello
638 1490 804 1571 uugisque
817 1492 876 1561 suis
888 1480 959 1552 satis
972 1492 1069 1552 facete
1083 1513 1150 1553 curn
1170 1494 1242 1554 Cor·

185 1580 264 1640 uelio
276 1581 439 1660 loquutum,
454 1603 504 1662 qur
496 1583 605 1644 eliam
617 1603 825 1664 quamcunque
843 1585 932 1648 deam
951 1584 1008 1646 sibi
1020 1595 1173 1663 patronem
1185 1606 1242 1666 pre

183 1671 302 1750 ingenio
324 1693 378 1734 suo
401 1675 549 1736 electurus
566 1675 679 1746 fuisset,
698 1695 788 1755 quarn
809 1695 940 1737 severam
960 1677 1040 1736 illam
1062 1678 1240 1753 Minervam,

183 1766 271 1844 paulo
285 1777 352 1846 post
366 1751 451 1826 altius
460 1784 493 1826 se
504 1765 608 1827 efferre
623 1777 654 1828 et
664 1768 809 1827 Minervae
823 1769 954 1847 tutelam,
962 1788 1020 1848 qua
1028 1769 1146 1830 libellus
1155 1781 1241 1832 aeter-
1342 1767 1346 1775 ’

183 1877 241 1922 nus
260 1871 403 1932 servetur,
422 1859 588 1941 implorare,
606 1861 670 1940 quis
688 1861 832 1922 videat
807 1882 871 1922 sme
891 1861 977 1922 risu?
1004 1862 1114 1922 Verum
1127 1864 1242 1926 nonita

182 1949 255 2016 fecit
266 1962 376 2023 noster,
391 1971 446 2015 nec
466 1953 582 2032 scripsit
595 1953 649 2014 hos
664 1973 777 2018 versus.
816 1954 917 2015 Verba
930 1955 1008 2014 enim
1023 1966 1144 2034 patrono
1161 1957 1241 2040 virge

183 2041 217 2102 in
231 2041 382 2102 codicibus
395 2043 603 2124 antiquioribus
617 2065 676 2105 non
696 2045 766 2124 legi,
780 2054 870 2105 testes
883 2058 951 2106 aunt
965 2040 1112 2118 Muretus,
1126 2047 1177 2125 qui
1190 2067 1240 2124 co·

183 2133 252 2194 dice
263 2135 382 2214 optimae
395 2145 471 2197 notae
486 2157 553 2198 usus
568 2147 623 2210 est,
638 2148 669 2198 et
682 2134 782 2198 Lucas
800 2137 952 2198 Fruterius
965 2139 995 2197 in
1008 2139 1164 2200 Verisimil.
1173 2138 1194 2198 1.
1211 2143 1240 2210 1,

184 2226 233 2306 qui
246 2227 309 2288 ita:
335 2227 449 2287 Lacuna
462 2231 491 2288 in
512 2229 585 2292 Mra.
618 2229 655 2288 Ιιι
677 2230 785 2294 Catullo
799 2251 855 2289 meo
872 2231 999 2304 (codice)
1014 2233 1051 2290 od
1069 2225 1240 2310 marginem}

179 2328 302 2397 patrono
314 2321 404 2400 uirgo.
445 2321 536 2382 Unde
549 2331 641 2402 patet,
659 2321 825 2382 Pontanum
838 2342 897 2381 non
911 2323 1036 2384 voluisse
1051 2318 1160 2384 codicis
1175 2342 1241 2384 cor·

183 2422 271 2492 rupta
289 2415 381 2474 verbe
394 2413 562 2485 emendare,
577 2415 631 2477 sed
652 2414 798 2494 supplere.
840 2417 917 2480 Quae
937 2436 1003 2474 curn
1022 2415 1064 2474 ita
1078 2417 1144 2488 sint,
1159 2427 1240 2477 recte

183 2505 296 2585 cepisse
306 2506 376 2566 mihi
390 2503 504 2570 videtur
519 2505 694 2566 Parthenius
705 2517 834 2566 mentem
849 2507 1074 2586 interpolatoris,
1088 2507 1184 2566 verba
1191 2507 1242 2581 illa

184 2597 222 2658 de
236 2599 344 2678 puella,
363 2599 424 2658 sive
438 2597 557 2670 Lesbia,
573 2599 634 2658 sive
650 2595 715 2670 alia,
731 2598 892 2678 explicans.
932 2597 1046 2671 Plures,
1070 2601 1102 2657 ut
1114 2598 1239 2672 videtur,

182 2690 213 2750 in
223 2691 280 2752 hoc
290 2692 359 2751 loco
367 2690 570 2770 interpolando
586 2691 783 2763 elaborarunt,
797 2710 918 2773 quorum
935 2691 1018 2762 alius,
1034 2712 1102 2751 cum
1112 2691 1159 2750 vel
1174 2685 1239 2753 catss

182 2781 253 2840 mini
273 2782 382 2861 aliquid
403 2783 517 2852 deesse,
538 2783 585 2842 vel
604 2783 634 2840 in
652 2783 770 2841 laudem
791 2782 920 2845 auctoris
940 2783 1051 2860 aliquid
1071 2783 1239 2864 addendum

183 2873 375 2946 existimaret,
396 2875 528 2935 ultimum
541 2892 657 2935 versum
678 2874 852 2954 adscripsit3
879 2876 928 2953 qui
945 2876 1064 2954 quidem
1078 2877 1116 2934 ad
1129 2875 1239 2951 formu:

182 2963 274 3026 larum
288 2985 380 3044 genus
401 2965 537 3044 pertinet,
558 2967 639 3047 qued
657 2966 851 3028 Grammatici
871 2966 901 3024 in
922 2979 1057 3046 promptu
1076 2957 1239 3043 habebant}

184 3059 342 3124 Quomodo
363 3077 434 3118 vero
452 3060 532 3137 prior
545 3079 645 3119 versus
665 3059 700 3136 ιιι
715 3069 828 3120 textum
847 3070 985 3138 receptus
1003 3060 1083 3130 sit,e
1104 3061 1239 3126 codicum

182 3149 313 3228 vestigiis
328 3151 522 3211 demonstrari
541 3162 650 3232 potest.
693 3153 829 3212 Alterum
843 3152 999 3231 vestigium
1016 3153 1110 3213 latet
1103 3174 1133 3212 m
1145 3149 1239 3249 rerba

183 3243 263 3320 quod,
278 3241 316 3302 ad
328 3243 503 3304 vocabulum
518 3263 602 3320 quare
614 3245 645 3302 in
659 3243 807 3304 nonnullis
819 3244 899 3305 libris
913 3246 1079 3326 adpositum
1091 3249 1136 3328 (ut
1148 3259 1239 3338 testo·l

183 3343 231 3392 tur
253 3334 342 3394 etiam
360 3344 494 3414 excerpt.
514 3333 571 3410 P..)
614 3335 771 3416 Scripsisse
799 3332 916 3396 videtur
942 3339 1140 3417 interpolator,
1167 3343 1241 3419 quod

180 3429 244 3510 plura
264 3445 318 3486 uno
336 3437 443 3486 moneat
453 3447 569 3503 peremto
582 3429 661 3487 seclo.
702 3427 747 3488 Ut
759 3448 831 3487 vero
844 3449 871 3488 r
890 3433 961 3508 quod
978 3430 1016 3489 ab
1037 3431 1133 3489 aliene
1149 3451 1238 3494 manu

183 3517 350 3597 profectum
365 3529 420 3590 est,
439 3519 481 3578 ita
495 3519 583 3578 etiam
596 3519 695 3578 tritum
711 3519 785 3578 illud
808 3523 999 3598 qualecunque.
1037 3522 1155 3582 Tertius
1174 3522 1239 3602 qui·

183 3611 320 3672 damires
334 3623 474 3690 sequutus
484 3611 609 3690 videtur,
618 3612 677 3690 qui,
687 3623 721 3672 ut
731 3612 877 3689 glossema
887 3623 918 3672 et
927 3632 1027 3672 versus
1037 3613 1149 3674 alienus
1163 3625 1249 3694 quo-¹

184 3704 341 3764 dammodo
354 3723 409 3764 con
406 3708 610 3782 j‚ungcrentur
625 3703 698 3763 vel
690 3724 720 3762 m
740 3704 862 3783 gratiam
880 3713 941 3764 succ
962 3706 1079 3784 puellae,
1096 3705 1238 3786 reliquam

181 3797 328 3868 lacunam,
341 3795 427 3856 metri
441 3797 553 3856 ratione
567 3817 626 3856 non
641 3795 752 3869 habita,
767 3796 908 3876 expleret,
929 3801 1002 3904 prod
1010 3810 1129 3876 patrono
1147 3804 1237 3882 virgo

153 3909 155 3916 ⁴
184 3887 320 3948 Alterum
334 3888 462 3966 antiqua
475 3887 609 3948 lectionis
623 3889 788 3968 vestigium,
806 3910 867 3949 nou
885 3889 993 3951 minimi
1007 3893 1157 3966 momenti,
1173 3913 1238 3956 cer.

181 3978 657 4040 nimrinvs.octavo.Nam1n
672 3982 805 4042 omuibus
821 3983 979 4043 Codicibus
992 3985 1039 4044 vel
1053 3985 1237 4048 desideratur

182 4074 247 4133 roc.
268 4081 310 4132 est
328 4073 393 4147 (ut
385 4091 415 4130 m
429 4072 614 4151 Drasdensi),
627 4075 675 4134 vel
690 4075 799 4152 legitur
820 4079 952 4154 quidquid
968 4089 1009 4137 est
1023 4080 1123 4138 libelli:
1151 4081 1240 4148 etita

182 4163 294 4225 habent
314 4163 457 4224 editiones
472 4165 589 4225 Vicent.
610 4165 693 4226 Brix.
708 4176 739 4224 et
753 4165 875 4226 Venett.
917 4171 984 4236 Qua
1002 4171 1129 4231 lectione
1148 4171 1237 4250 repo‘-

181 4257 248 4336 sita,
263 4266 295 4316 et
306 4253 426 4316 maone
429 4257 479 4316 illa
499 4253 605 4338 puellae
619 4255 820 4338 imploratione
835 4259 949 4333 omissa,
955 4262 1070 4342 optime
1090 4250 1243 4325 clauditur
