2909 4959
173 863 179 872 .
274 743 658 932 ιιιιιιιιιίιι
685 743 1146 932 ⁴caruncula.

171 1409 337 1528 ,Ηιιιιιιιι
352 1464 406 1509 sue
417 1445 589 1506 fatalibelli.
613 1498 616 1504 .
630 1445 713 1506 lnter
727 1466 779 1508 eos
793 1456 908 1508 veteres
921 1446 1088 1526 scriptores,
1100 1448 1150 1528 qui
1161 1446 1227 1509 loo·

170 1555 241 1615 gum
255 1555 309 1616 per
322 1547 438 1616 tempus
452 1536 581 1616 neglecti
590 1542 756 1612 jacuerunt,
771 1549 802 1598 et
814 1538 845 1598 iu
858 1537 975 1618 quibus,
988 1549 1055 1617 post
1068 1559 1152 1601 curas
1166 1540 1226 1609 sin,

171 1627 245 1707 gulis
258 1627 330 1688 locis
348 1629 502 1702 adhibitas,
516 1629 640 1714 plurima
662 1629 758 1710 adhuc
773 1631 915 1708 leguntur
928 1632 1055 1690 obscura
1073 1643 1105 1692 et
1118 1633 1224 1711 depra-

169 1731 245 1794 vate,
258 1707 366 1780 Catulli
379 1722 507 1782 carmina
518 1742 586 1782 non
596 1721 729 1780 ultimum
750 1723 847 1782 locum
868 1701 1013 1783 obtinent.
1055 1725 1172 1784 Etenim
1186 1745 1226 1786 ex

171 1831 229 1893 quo
249 1795 383 1873 studia'
358 1833 484 1894 virorum
499 1797 653 1872 doctorum
666 1813 781 1874 Latinis
793 1801 888 1900 poetis
903 1814 1042 1908 occupari
1056 1828 1224 1894 coeperunt,

170 1904 227 1965 alia
241 1905 338 1974 omnia
350 1909 455 1988 majori
444 1905 618 1990 diligentia
632 1917 662 1966 et
676 1907 799 1966 cautiori
818 1927 890 1966 cura
909 1920 1024 1968 versata
1041 1920 1121 1980 sunt,
1135 1909 1224 1987 quim

169 1981 258 2058 nostri
272 2001 368 2081 poetae
382 1998 519 2057 carmina.
532 1999 688 2101 Jamjam
704 1998 887 2069 Parthenius,
902 2009 1012 2058 tantam
1015 1999 1136 2078 ,inquit
1153 2020 1224 2059 con·

168 2087 312 2148 fusionem
330 2102 360 2148 et
381 2090 600 2166 conversionem
619 2090 648 2148 in
663 2090 773 2150 Catulli
790 2090 963 2150 carminibus
984 2091 1086 2162 fuisse,
1101 2102 1133 2150 ut
1146 2112 1171 2151 sr
1162 2093 1223 2152 ab

168 2181 268 2254 inferis
282 2194 384 2242 auctor
398 2195 593 2254 revocaretur,
607 2203 736 2268 sunnon
750 2195 828 2243 esset
841 2183 1000 2262 agniturus.
1042 2184 1108 2242 Nec
1122 2194 1223 2244 tamen

168 2273 310 2354 isdignus
324 2286 396 2346 erat,
411 2275 461 2354 qui
470 2285 552 2334 tanta
565 2265 686 2334 casuum
700 2276 841 2336 varietate
850 2278 1024 2354 jactaretur,
1048 2286 1080 2335 et
1102 2276 1225 2355 sospita·

169 2375 262 2436 torem
276 2367 326 2426 diu
340 2365 527 2448 desideraret.
568 2367 716 2446 Equidem
730 2387 784 2453 pro
799 2367 917 2427 Catullo
936 2373 1056 2446 ejusque
1071 2367 1225 2431 virtutibus

170 2459 279 2530 dicere,
294 2470 345 2520 aut
359 2479 426 2520 eum
439 2459 617 2538 flagitiosa
611 2460 781 2542 impuritatis
794 2459 901 2540 specie,
917 2460 975 2538 qud
989 2471 1157 2563 suspectum
1170 2461 1224 2520 ha·

168 2552 251 2624 beot,
249 2553 396 2639 liberare,
414 2571 474 2612 non
487 2551 567 2654 apud
580 2571 633 2612 me
643 2550 800 2620 constitui;
820 2570 877 2610 nec
896 2569 967 2610 curo
981 2570 1043 2620 eos,
1055 2551 1104 2628 qui
1117 2551 1147 2608 in
1160 2571 1223 2611 mo·

170 2629 252 2726 ribus
262 2647 417 2724 poetarum
437 2643 538 2731 tnagis,¹
558 2631 655 2729 quarn
664 2643 694 2722 in
711 2643 807 2705 verbis
820 2643 944 2712 haerent,
959 2651 989 2700 et
1003 2641 1150 2719 ingenium
1160 2661 1222 2702 non

169 2737 224 2821 nist
216 2737 377 2842 'pudicum
396 2756 460 2799 esse
480 2736 592 2797 volunt.
635 2735 703 2806 Qui,
720 2753 884 2805 cersonae
897 2731 1055 2810 saepissime
1069 2732 1224 2803 fallantur3

170 2845 249 2902 nam,
263 2850 329 2912 quea
341 2828 418 2889 inter
430 2847 527 2912 mores
542 2838 573 2886 et
587 2826 748 2893 orationem
766 2825 923 2885 intercedit
944 2809 1142 2930 necessitudo,
1162 2844 1222 2884 non

169 2920 200 3002 in
215 2941 386 3002 quocunque
400 2903 491 3000 poeta
503 2919 545 2978 ita
559 2907 646 2990 ualet,
663 2929 695 2978 ut
707 2920 747 2978 ad
759 2919 901 2996 regulam,
912 2917 1012 2978 nescio
1031 2936 1127 2995 quam,
1146 2915 1224 2994 exigi

169 3015 270 3100 possit.
325 3013 429 3074 Placet
441 3011 583 3084 Catullus,
597 3011 665 3090 quia
677 3011 845 3092 plurimam
859 3031 895 3071 eo
909 3012 1046 3098 placent.
1077 3009 1200 3088 Atque
1192 3028 1222 3066 ιιι

169 3107 282 3188 magnis
296 3105 418 3184 ingeniis
440 3105 531 3164 multa
550 3104 742 3184 reperiuntur,
765 3103 869 3182 quibus
891 3122 992 3163 eorum
1012 3101 1081 3160 vitia
1103 3100 1222 3178 expien·
1276 3151 1280 3154 .

169 3209 233 3282 tur·
253 3218 311 3282 pec
325 3197 412 3284 culpa
426 3195 570 3286 vitiorum,
588 3215 655 3282 quae
668 3195 770 3289 saeculi
784 3206 864 3268 sunt,
884 3195 913 3254 in
927 3195 1058 3273 singulos
1078 3193 1223 3265 homines,

170 3289 219 3374 qui
233 3289 266 3352 iis
263 3290 423 3364 laborant,
438 3289 543 3367 conJicr
535 3271 657 3350 debet.
729 3346 739 3364 ,

305 3479 314 3487 ι
429 3415 489 3470 llam
500 3425 589 3466 amoni
601 3431 654 3470 erro
664 3419 811 3479 denespion
822 3418 915 3480 poitsn

376 3509 379 3516 ¹
427 3495 524 3560 IpsnmJ
542 3494 743 3562 rmsionlesnilril
751 3503 904 3558 commeat.
954 3528 958 3534 .

212 3631 436 3716 Elegantissime
454 3630 583 3691 carmina
598 3631 768 3710 conscripsit
781 3631 924 3702 Catullus,
942 3631 1015 3689 mira
1037 3628 1221 3715 simplicitate

170 3738 206 3784 ac
220 3733 389 3793 venustate;
410 3728 504 3802 neque
525 3722 588 3808 ipse
609 3723 763 3782 destitutus
785 3734 847 3784 erat
869 3722 976 3800 ingenii
995 3723 1032 3792 vi,
1047 3738 1112 3798 quae
1126 3742 1222 3800 neque

170 3823 263 3873 artem
273 3833 330 3874 nee
344 3803 471 3874 laborem
487 3802 610 3874 redolet.
652 3815 701 3873 De
715 3815 895 3920 negligentia
906 3826 936 3873 et
950 3799 1072 3874 audacia
1087 3819 1148 3890 ejus
1163 3835 1222 3872 non
1285 3863 1300 3888 ,

170 3905 330 3965 utromodo
350 3916 446 3984 potest
460 3905 610 4008 disputari.
652 3907 727 3971 Quae
742 3927 812 3965 vero
825 3907 877 3964 viri
869 3906 970 3964 docti
985 3905 1023 3966 de
1042 3914 1078 3962 ea
1091 3925 1122 3962 re
1138 3905 1222 3963 dixe-

170 3998 247 4069 runt,
268 4017 378 4068 vereor,
405 4015 442 4065 ne
468 3997 626 4054 maximam
651 4007 784 4101 partein
792 3998 889 4055 nimia
908 3988 965 4055 sint
991 4005 1080 4074 atque
1111 3995 1219 4074 iniqua.

171 4083 284 4148 Melius
296 4089 506 4165 consuluissent
518 4079 625 4164 poete,
639 4087 663 4144 si
679 4088 805 4146 carmina
818 4092 881 4161 ejus
905 4089 947 4147 ita
957 4087 1173 4158 restituissent,
1189 4097 1222 4144 ut

168 4151 444 4257 judcium··fi·rmlm
468 4193 503 4236 ac
527 4187 640 4244 certum
668 4177 752 4237 de''
734 4197 769 4236 ns
796 4177 898 4239 haberi
923 4189 1031 4261 posset
1072 4179 1220 4245 Quamdiu

171 4271 248 4330 enirn
263 4269 301 4328 de
316 4268 445 4346 pluribus
463 4270 595 4348 partibus
614 4268 772 4340 dubitatur,
787 4290 845 4328 non
868 4282 966 4350 potest
983 4271 1020 4330 de
1040 4271 1171 4330 universa
1189 4289 1222 4328 re

1005 4363 1028 4409 K
